<?xml version="1.0"?>
<collection>

<record xmlns:xsi="http://www.w3.org/2001/XMLSchema-instance" xmlns="http://www.loc.gov/MARC21/slim" xsi:schemaLocation="http://www.loc.gov/MARC21/slim http://www.loc.gov/standards/marcxml/schema/MARC21slim.xsd" type="Bibliographic">
  <leader>02695nad a2200553 c 4500</leader>
  <controlfield tag="001">736247440</controlfield>
  <controlfield tag="003">DE-601</controlfield>
  <controlfield tag="005">20131224203831.0</controlfield>
  <controlfield tag="008">130214s2012                  000 0 und d</controlfield>
  <datafield tag="016" ind1="7" ind2=" ">
   <subfield code="a">21667615</subfield>
   <subfield code="2">DE-600</subfield>
  </datafield>
  <datafield tag="035" ind1=" " ind2=" ">
   <subfield code="a">(DE-599)GBV736247440</subfield>
  </datafield>
  <datafield tag="040" ind1=" " ind2=" ">
   <subfield code="b">ger</subfield>
   <subfield code="c">GBVCP</subfield>
  </datafield>
  <datafield tag="245" ind1="0" ind2="0">
   <subfield code="a">Mehr drin f&#xFC;r Kunden</subfield>
   <subfield code="b">die Sonderedition zum Metro-Handelslexikon</subfield>
  </datafield>
  <datafield tag="250" ind1=" " ind2=" ">
   <subfield code="a">Redaktionsschluss: Okt. 2012</subfield>
  </datafield>
  <datafield tag="300" ind1=" " ind2=" ">
   <subfield code="a">83 S.</subfield>
   <subfield code="b">Ill.</subfield>
  </datafield>
  <datafield tag="490" ind1="0" ind2=" ">
   <subfield code="a">Metro-Handelslexikon</subfield>
   <subfield code="v">10.2012/13, Sonderedition</subfield>
  </datafield>
  <datafield tag="773" ind1="0" ind2=" ">
   <subfield code="t">Metro-Handelslexikon : Daten, Fakten und Adressen zum Handel in Deutschland, Europa und weltweit</subfield>
   <subfield code="d">D&#xFC;sseldorf : Metro Group</subfield>
  </datafield>
  <datafield tag="830" ind1=" " ind2="0">
   <subfield code="w">(DE-601)470959894</subfield>
   <subfield code="w">(DE-600)2166761-5</subfield>
   <subfield code="a">Metro-Handelslexikon</subfield>
   <subfield code="p">Metro Group</subfield>
   <subfield code="v">10.2012/13, Sonderedition</subfield>
   <subfield code="9">2012,0010,01</subfield>
  </datafield>
  <datafield tag="856" ind1="4" ind2="2">
   <subfield code="y">Inhaltsverzeichnis</subfield>
   <subfield code="u">http://www.gbv.de/dms/weimar/toc/736247440_toc.pdf</subfield>
   <subfield code="m">V:DE-601;B:DE-Wim2</subfield>
   <subfield code="3">Inhaltsverzeichnis</subfield>
  </datafield>
  <datafield tag="912" ind1=" " ind2=" ">
   <subfield code="a">GBV_ILN_22</subfield>
  </datafield>
  <datafield tag="912" ind1=" " ind2=" ">
   <subfield code="a">SYSFLAG_1</subfield>
  </datafield>
  <datafield tag="912" ind1=" " ind2=" ">
   <subfield code="a">GBV_GVK</subfield>
  </datafield>
  <datafield tag="912" ind1=" " ind2=" ">
   <subfield code="a">GBV_ILN_34</subfield>
  </datafield>
  <datafield tag="912" ind1=" " ind2=" ">
   <subfield code="a">GBV_ILN_63</subfield>
  </datafield>
  <datafield tag="912" ind1=" " ind2=" ">
   <subfield code="a">GBV_ILN_92</subfield>
  </datafield>
  <datafield tag="912" ind1=" " ind2=" ">
   <subfield code="a">GBV_ILN_150</subfield>
  </datafield>
  <datafield tag="912" ind1=" " ind2=" ">
   <subfield code="a">GBV_ILN_152</subfield>
  </datafield>
  <datafield tag="912" ind1=" " ind2=" ">
   <subfield code="a">GBV_ILN_164</subfield>
  </datafield>
  <datafield tag="912" ind1=" " ind2=" ">
   <subfield code="a">GBV_ILN_213</subfield>
  </datafield>
  <datafield tag="912" ind1=" " ind2=" ">
   <subfield code="a">GBV_ILN_281</subfield>
  </datafield>
  <datafield tag="951" ind1=" " ind2=" ">
   <subfield code="a">JV</subfield>
  </datafield>
  <datafield tag="980" ind1=" " ind2=" ">
   <subfield code="2">22</subfield>
   <subfield code="1">01</subfield>
   <subfield code="b">1377208516</subfield>
   <subfield code="f">SUB</subfield>
   <subfield code="d">X/22523: 10</subfield>
   <subfield code="e">s</subfield>
   <subfield code="k">Angebunden</subfield>
   <subfield code="x">0018</subfield>
   <subfield code="y">zu</subfield>
   <subfield code="z">25-03-13</subfield>
  </datafield>
  <datafield tag="980" ind1=" " ind2=" ">
   <subfield code="2">34</subfield>
   <subfield code="1">01</subfield>
   <subfield code="b">1364901463</subfield>
   <subfield code="f">18/302-a</subfield>
   <subfield code="d">Bwl 002 019 (2012/13) Anl.</subfield>
   <subfield code="e">c</subfield>
   <subfield code="l">nelwirt</subfield>
   <subfield code="x">3551</subfield>
   <subfield code="y">zi002</subfield>
   <subfield code="z">14-02-13</subfield>
  </datafield>
  <datafield tag="980" ind1=" " ind2=" ">
   <subfield code="2">63</subfield>
   <subfield code="1">01</subfield>
   <subfield code="b">1383198497</subfield>
   <subfield code="f">Mag</subfield>
   <subfield code="d">Z 3216/2</subfield>
   <subfield code="e">f</subfield>
   <subfield code="d">Mag Wg 2460</subfield>
   <subfield code="x">3401</subfield>
   <subfield code="y">z</subfield>
   <subfield code="z">16-05-13</subfield>
  </datafield>
  <datafield tag="980" ind1=" " ind2=" ">
   <subfield code="2">92</subfield>
   <subfield code="1">01</subfield>
   <subfield code="b">1410648664</subfield>
   <subfield code="d">49 A 1705</subfield>
   <subfield code="e">u</subfield>
   <subfield code="x">0033</subfield>
   <subfield code="y">z</subfield>
   <subfield code="z">26-07-13</subfield>
  </datafield>
  <datafield tag="980" ind1=" " ind2=" ">
   <subfield code="2">150</subfield>
   <subfield code="1">01</subfield>
   <subfield code="b">1392170532</subfield>
   <subfield code="d">83.71,90-13/00176</subfield>
   <subfield code="e">u</subfield>
   <subfield code="l">Geschenk 2013 ESchm</subfield>
   <subfield code="x">3406</subfield>
   <subfield code="y">z</subfield>
   <subfield code="z">27-05-13</subfield>
  </datafield>
  <datafield tag="980" ind1=" " ind2=" ">
   <subfield code="2">150</subfield>
   <subfield code="1">02</subfield>
   <subfield code="b">1392170540</subfield>
   <subfield code="d">83.71,90-13/00177</subfield>
   <subfield code="e">u</subfield>
   <subfield code="l">Geschenk 2013 ESchm</subfield>
   <subfield code="x">3406</subfield>
   <subfield code="y">z</subfield>
   <subfield code="z">27-05-13</subfield>
  </datafield>
  <datafield tag="980" ind1=" " ind2=" ">
   <subfield code="2">150</subfield>
   <subfield code="1">03</subfield>
   <subfield code="b">1392170559</subfield>
   <subfield code="d">83.71,90-13/00178</subfield>
   <subfield code="e">u</subfield>
   <subfield code="l">Geschenk 2013 ESchm</subfield>
   <subfield code="x">3406</subfield>
   <subfield code="y">z</subfield>
   <subfield code="z">27-05-13</subfield>
  </datafield>
  <datafield tag="980" ind1=" " ind2=" ">
   <subfield code="2">152</subfield>
   <subfield code="1">01</subfield>
   <subfield code="b">138254913X</subfield>
   <subfield code="f">LS</subfield>
   <subfield code="d">Wi 265 0227/13</subfield>
   <subfield code="e">s</subfield>
   <subfield code="x">3405</subfield>
   <subfield code="y">k</subfield>
   <subfield code="z">25-04-13</subfield>
  </datafield>
  <datafield tag="980" ind1=" " ind2=" ">
   <subfield code="2">152</subfield>
   <subfield code="1">02</subfield>
   <subfield code="b">1382871848</subfield>
   <subfield code="f">A</subfield>
   <subfield code="d">Wi 265 0228/13</subfield>
   <subfield code="e">u</subfield>
   <subfield code="x">3405</subfield>
   <subfield code="y">k</subfield>
   <subfield code="z">25-04-13</subfield>
  </datafield>
  <datafield tag="980" ind1=" " ind2=" ">
   <subfield code="2">164</subfield>
   <subfield code="1">03</subfield>
   <subfield code="b">1420403419</subfield>
   <subfield code="f">WOB</subfield>
   <subfield code="d">WD M 030 (2012/13-SE)</subfield>
   <subfield code="e">u</subfield>
   <subfield code="x">0916</subfield>
   <subfield code="y">zw</subfield>
   <subfield code="z">31-07-13</subfield>
  </datafield>
  <datafield tag="980" ind1=" " ind2=" ">
   <subfield code="2">164</subfield>
   <subfield code="1">50</subfield>
   <subfield code="b">1377963942</subfield>
   <subfield code="f">SUD</subfield>
   <subfield code="d">WU A 002/2012/13 (SE)</subfield>
   <subfield code="e">u</subfield>
   <subfield code="x">0916</subfield>
   <subfield code="y">zl</subfield>
   <subfield code="z">27-03-13</subfield>
  </datafield>
  <datafield tag="980" ind1=" " ind2=" ">
   <subfield code="2">213</subfield>
   <subfield code="1">01</subfield>
   <subfield code="b">1371161216</subfield>
   <subfield code="d">WL 11520-41:12/13-SH</subfield>
   <subfield code="e">u</subfield>
   <subfield code="d">WL 11520-41</subfield>
   <subfield code="x">0551</subfield>
   <subfield code="y">k</subfield>
   <subfield code="z">14-03-13</subfield>
  </datafield>
  <datafield tag="980" ind1=" " ind2=" ">
   <subfield code="2">213</subfield>
   <subfield code="1">02</subfield>
   <subfield code="b">1371161224</subfield>
   <subfield code="d">WL 11520-41:12/13-SH</subfield>
   <subfield code="e">u</subfield>
   <subfield code="d">WL 11520-41</subfield>
   <subfield code="x">0551</subfield>
   <subfield code="y">k</subfield>
   <subfield code="z">14-03-13</subfield>
  </datafield>
  <datafield tag="980" ind1=" " ind2=" ">
   <subfield code="2">213</subfield>
   <subfield code="1">03</subfield>
   <subfield code="b">1371161232</subfield>
   <subfield code="d">WL 11520-41:12/13-SH</subfield>
   <subfield code="e">u</subfield>
   <subfield code="d">WL 11520-41</subfield>
   <subfield code="x">0551</subfield>
   <subfield code="y">k</subfield>
   <subfield code="z">14-03-13</subfield>
  </datafield>
  <datafield tag="980" ind1=" " ind2=" ">
   <subfield code="2">281</subfield>
   <subfield code="1">01</subfield>
   <subfield code="b">1374282820</subfield>
   <subfield code="f">FH</subfield>
   <subfield code="d">83.71(Me)/VWL</subfield>
   <subfield code="e">i</subfield>
   <subfield code="x">3281</subfield>
   <subfield code="y">z</subfield>
   <subfield code="z">22-03-13</subfield>
  </datafield>
  <datafield tag="980" ind1=" " ind2=" ">
   <subfield code="2">281</subfield>
   <subfield code="1">02</subfield>
   <subfield code="b">1374282839</subfield>
   <subfield code="f">FH</subfield>
   <subfield code="d">83.71(Me)/VWL</subfield>
   <subfield code="e">u</subfield>
   <subfield code="x">3281</subfield>
   <subfield code="y">z</subfield>
   <subfield code="z">22-03-13</subfield>
  </datafield>
  <datafield tag="980" ind1=" " ind2=" ">
   <subfield code="2">281</subfield>
   <subfield code="1">03</subfield>
   <subfield code="b">1374282847</subfield>
   <subfield code="f">FH</subfield>
   <subfield code="d">83.71(Me)/VWL</subfield>
   <subfield code="e">u</subfield>
   <subfield code="x">3281</subfield>
   <subfield code="y">z</subfield>
   <subfield code="z">22-03-13</subfield>
  </datafield>
  <datafield tag="998" ind1=" " ind2=" ">
   <subfield code="2">213</subfield>
   <subfield code="1">01</subfield>
   <subfield code="a">wl 201313</subfield>
  </datafield>
 <format>Serial Volume</format></record>