


<record xmlns:xsi="http://www.w3.org/2001/XMLSchema-instance" xmlns="http://www.loc.gov/MARC21/slim" xsi:schemaLocation="http://www.loc.gov/MARC21/slim http://www.loc.gov/standards/marcxml/schema/MARC21slim.xsd" type="Bibliographic">
  <leader>24441nms a2204621 c 4500</leader>
  <controlfield tag="001">342583719</controlfield>
  <controlfield tag="003">DE-601</controlfield>
  <controlfield tag="005">20190121044228.0</controlfield>
  <controlfield tag="007">cr uuu---uuuuu</controlfield>
  <controlfield tag="008">020220m20009999xxuuu p       0   u0eng d</controlfield>
  <datafield tag="016" ind1="7" ind2=" ">
   <subfield code="a">023225319</subfield>
   <subfield code="2">DE-101</subfield>
  </datafield>
  <datafield tag="016" ind1="7" ind2=" ">
   <subfield code="a">2072136-5</subfield>
   <subfield code="2">DE-600</subfield>
  </datafield>
  <datafield tag="029" ind1="a" ind2="d">
   <subfield code="a">20759622</subfield>
  </datafield>
  <datafield tag="035" ind1=" " ind2=" ">
   <subfield code="a">(OCoLC)163302475</subfield>
  </datafield>
  <datafield tag="035" ind1=" " ind2=" ">
   <subfield code="a">(OCoLC)643937030</subfield>
  </datafield>
  <datafield tag="035" ind1=" " ind2=" ">
   <subfield code="a">(DE-599)ZDB2072136-5</subfield>
  </datafield>
  <datafield tag="040" ind1=" " ind2=" ">
   <subfield code="b">ger</subfield>
   <subfield code="c">GBVCP</subfield>
   <subfield code="e">rda</subfield>
  </datafield>
  <datafield tag="041" ind1="0" ind2=" ">
   <subfield code="a">eng</subfield>
  </datafield>
  <datafield tag="082" ind1="0" ind2="0">
   <subfield code="a">330</subfield>
  </datafield>
  <datafield tag="082" ind1="0" ind2="9">
   <subfield code="a">330</subfield>
  </datafield>
  <datafield tag="110" ind1="2" ind2=" ">
   <subfield code="a">Inter-American Investment Corporation</subfield>
   <subfield code="e">VerfasserIn</subfield>
   <subfield code="4">aut</subfield>
   <subfield code="0">(DE-601)227872304</subfield>
   <subfield code="0">(DE-588)5206914-X</subfield>
  </datafield>
  <datafield tag="245" ind1="0" ind2="0">
   <subfield code="a">Annual report / Inter-American Investment Corporation</subfield>
   <subfield code="h">Elektronische Ressource</subfield>
  </datafield>
  <datafield tag="264" ind1="3" ind2="1">
   <subfield code="a">Washington, DC</subfield>
   <subfield code="c">2000-</subfield>
  </datafield>
  <datafield tag="300" ind1=" " ind2=" ">
   <subfield code="a">Online-Ressource</subfield>
  </datafield>
  <datafield tag="336" ind1=" " ind2=" ">
   <subfield code="a">Text</subfield>
   <subfield code="b">txt</subfield>
   <subfield code="2">rdacontent</subfield>
  </datafield>
  <datafield tag="337" ind1=" " ind2=" ">
   <subfield code="a">Computermedien</subfield>
   <subfield code="b">c</subfield>
   <subfield code="2">rdamedia</subfield>
  </datafield>
  <datafield tag="338" ind1=" " ind2=" ">
   <subfield code="a">Online-Ressource</subfield>
   <subfield code="b">cr</subfield>
   <subfield code="2">rdacarrier</subfield>
  </datafield>
  <datafield tag="362" ind1="0" ind2=" ">
   <subfield code="a">Nachgewiesen 1999(2000) -</subfield>
  </datafield>
  <datafield tag="363" ind1="0" ind2="1">
   <subfield code="i">1999</subfield>
  </datafield>
  <datafield tag="500" ind1=" " ind2=" ">
   <subfield code="a">Gesehen am 07.03.2017</subfield>
  </datafield>
  <datafield tag="546" ind1=" " ind2=" ">
   <subfield code="a">Auch in span., portug. u. franz. Sprache verf&#xFC;gbar</subfield>
  </datafield>
  <datafield tag="591" ind1=" " ind2=" ">
   <subfield code="a">355!URL-&#xC4;(07-03-17)</subfield>
  </datafield>
  <datafield tag="650" ind1=" " ind2="7">
   <subfield code="8">1.1\x</subfield>
   <subfield code="a">Unternehmensfinanzierung</subfield>
   <subfield code="0">(DE-601)091359880</subfield>
   <subfield code="0">(DE-STW)12205-1</subfield>
   <subfield code="2">stw</subfield>
  </datafield>
  <datafield tag="650" ind1=" " ind2="7">
   <subfield code="8">1.2\x</subfield>
   <subfield code="a">Privatwirtschaft</subfield>
   <subfield code="0">(DE-601)091384354</subfield>
   <subfield code="0">(DE-STW)12064-0</subfield>
   <subfield code="2">stw</subfield>
  </datafield>
  <datafield tag="650" ind1=" " ind2="7">
   <subfield code="8">1.3\x</subfield>
   <subfield code="a">Entwicklung</subfield>
   <subfield code="0">(DE-601)091357322</subfield>
   <subfield code="0">(DE-STW)10513-0</subfield>
   <subfield code="2">stw</subfield>
  </datafield>
  <datafield tag="650" ind1=" " ind2="7">
   <subfield code="8">1.4\x</subfield>
   <subfield code="a">Lateinamerika</subfield>
   <subfield code="0">(DE-601)091374464</subfield>
   <subfield code="0">(DE-STW)17990-1</subfield>
   <subfield code="2">stw</subfield>
  </datafield>
  <datafield tag="650" ind1=" " ind2="7">
   <subfield code="8">1.5\x</subfield>
   <subfield code="a">Karibischer Raum</subfield>
   <subfield code="0">(DE-601)091370159</subfield>
   <subfield code="0">(DE-STW)17989-0</subfield>
   <subfield code="2">stw</subfield>
  </datafield>
  <datafield tag="655" ind1="0" ind2="7">
   <subfield code="0">(DE-588)4067488-5</subfield>
   <subfield code="a">Zeitschrift</subfield>
   <subfield code="2">gnd-content</subfield>
  </datafield>
  <datafield tag="776" ind1="0" ind2="8">
   <subfield code="i">Span. Ausg</subfield>
   <subfield code="a">Inter-American Investment Corporation</subfield>
   <subfield code="t">Informe anual / Inter-American Investment Corporation</subfield>
   <subfield code="d">Washington, DC : CII, 2000-</subfield>
   <subfield code="h">Online-Ressource</subfield>
   <subfield code="w">(DE-600)2072146-8</subfield>
   <subfield code="w">(DE-101)023225912</subfield>
  </datafield>
  <datafield tag="776" ind1="0" ind2="8">
   <subfield code="i">Druckausg. bis 1998</subfield>
   <subfield code="a">Inter-American Investment Corporation</subfield>
   <subfield code="t">IIC annual report / Inter-American Investment Corporation</subfield>
   <subfield code="d">Washington, DC, 1991-1999</subfield>
   <subfield code="w">(DE-600)1381371-7</subfield>
   <subfield code="w">(DE-101)01876861X</subfield>
  </datafield>
  <datafield tag="776" ind1="0" ind2="8">
   <subfield code="i">Druckausg. ab 1999</subfield>
   <subfield code="a">Inter-American Investment Corporation</subfield>
   <subfield code="t">Annual report / Inter-American Investment Corporation</subfield>
   <subfield code="d">Washington, DC, 2000-</subfield>
   <subfield code="w">(DE-600)2045338-3</subfield>
   <subfield code="w">(DE-101)021703256</subfield>
  </datafield>
  <datafield tag="780" ind1="0" ind2="2">
   <subfield code="i">Daraus hervorgeg.</subfield>
   <subfield code="a">Inter-American Investment Corporation</subfield>
   <subfield code="t">Annual report / Audited financial statements. Audited financial statements / Inter-American Investment Corporation</subfield>
   <subfield code="d">[Washington, DC], 2014-</subfield>
   <subfield code="h">Online-Ressource</subfield>
   <subfield code="w">(DE-600)2799555-0</subfield>
   <subfield code="w">(DE-101)1060846977</subfield>
  </datafield>
  <datafield tag="856" ind1="4" ind2="1">
   <subfield code="u">http://www.bibliothek.uni-regensburg.de/ezeit/?2072136</subfield>
   <subfield code="3">Volltext</subfield>
  </datafield>
  <datafield tag="856" ind1="4" ind2="1">
   <subfield code="u">http://www.iic.org/en/media/publications/annual-reports#.WL1AqEefcnU</subfield>
   <subfield code="z">kostenfrei</subfield>
   <subfield code="3">Volltext</subfield>
  </datafield>
  <datafield tag="912" ind1=" " ind2=" ">
   <subfield code="a">GBV_ILN_11</subfield>
  </datafield>
  <datafield tag="912" ind1=" " ind2=" ">
   <subfield code="a">SYSFLAG_1</subfield>
  </datafield>
  <datafield tag="912" ind1=" " ind2=" ">
   <subfield code="a">GBV_GVK</subfield>
  </datafield>
  <datafield tag="912" ind1=" " ind2=" ">
   <subfield code="a">GBV_ILN_12</subfield>
  </datafield>
  <datafield tag="912" ind1=" " ind2=" ">
   <subfield code="a">GBV_ILN_20</subfield>
  </datafield>
  <datafield tag="912" ind1=" " ind2=" ">
   <subfield code="a">GBV_ILN_22</subfield>
  </datafield>
  <datafield tag="912" ind1=" " ind2=" ">
   <subfield code="a">GBV_ILN_23</subfield>
  </datafield>
  <datafield tag="912" ind1=" " ind2=" ">
   <subfield code="a">GBV_ILN_24</subfield>
  </datafield>
  <datafield tag="912" ind1=" " ind2=" ">
   <subfield code="a">GBV_ILN_26</subfield>
  </datafield>
  <datafield tag="912" ind1=" " ind2=" ">
   <subfield code="a">GBV_ILN_30</subfield>
  </datafield>
  <datafield tag="912" ind1=" " ind2=" ">
   <subfield code="a">GBV_ILN_31</subfield>
  </datafield>
  <datafield tag="912" ind1=" " ind2=" ">
   <subfield code="a">GBV_ILN_34</subfield>
  </datafield>
  <datafield tag="912" ind1=" " ind2=" ">
   <subfield code="a">GBV_ILN_37</subfield>
  </datafield>
  <datafield tag="912" ind1=" " ind2=" ">
   <subfield code="a">GBV_ILN_40</subfield>
  </datafield>
  <datafield tag="912" ind1=" " ind2=" ">
   <subfield code="a">GBV_ILN_60</subfield>
  </datafield>
  <datafield tag="912" ind1=" " ind2=" ">
   <subfield code="a">GBV_ILN_62</subfield>
  </datafield>
  <datafield tag="912" ind1=" " ind2=" ">
   <subfield code="a">GBV_ILN_63</subfield>
  </datafield>
  <datafield tag="912" ind1=" " ind2=" ">
   <subfield code="a">GBV_ILN_65</subfield>
  </datafield>
  <datafield tag="912" ind1=" " ind2=" ">
   <subfield code="a">GBV_ILN_66</subfield>
  </datafield>
  <datafield tag="912" ind1=" " ind2=" ">
   <subfield code="a">GBV_ILN_69</subfield>
  </datafield>
  <datafield tag="912" ind1=" " ind2=" ">
   <subfield code="a">GBV_ILN_70</subfield>
  </datafield>
  <datafield tag="912" ind1=" " ind2=" ">
   <subfield code="a">GBV_ILN_72</subfield>
  </datafield>
  <datafield tag="912" ind1=" " ind2=" ">
   <subfield code="a">GBV_ILN_73</subfield>
  </datafield>
  <datafield tag="912" ind1=" " ind2=" ">
   <subfield code="a">GBV_ILN_91</subfield>
  </datafield>
  <datafield tag="912" ind1=" " ind2=" ">
   <subfield code="a">GBV_ILN_95</subfield>
  </datafield>
  <datafield tag="912" ind1=" " ind2=" ">
   <subfield code="a">GBV_ILN_105</subfield>
  </datafield>
  <datafield tag="912" ind1=" " ind2=" ">
   <subfield code="a">GBV_ILN_110</subfield>
  </datafield>
  <datafield tag="912" ind1=" " ind2=" ">
   <subfield code="a">GBV_ILN_112</subfield>
  </datafield>
  <datafield tag="912" ind1=" " ind2=" ">
   <subfield code="a">GBV_ILN_118</subfield>
  </datafield>
  <datafield tag="912" ind1=" " ind2=" ">
   <subfield code="a">GBV_ILN_122</subfield>
  </datafield>
  <datafield tag="912" ind1=" " ind2=" ">
   <subfield code="a">GBV_ILN_125</subfield>
  </datafield>
  <datafield tag="912" ind1=" " ind2=" ">
   <subfield code="a">GBV_ILN_126</subfield>
  </datafield>
  <datafield tag="912" ind1=" " ind2=" ">
   <subfield code="a">GBV_ILN_130</subfield>
  </datafield>
  <datafield tag="912" ind1=" " ind2=" ">
   <subfield code="a">GBV_ILN_131</subfield>
  </datafield>
  <datafield tag="912" ind1=" " ind2=" ">
   <subfield code="a">GBV_ILN_132</subfield>
  </datafield>
  <datafield tag="912" ind1=" " ind2=" ">
   <subfield code="a">GBV_ILN_135</subfield>
  </datafield>
  <datafield tag="912" ind1=" " ind2=" ">
   <subfield code="a">GBV_ILN_140</subfield>
  </datafield>
  <datafield tag="912" ind1=" " ind2=" ">
   <subfield code="a">GBV_ILN_147</subfield>
  </datafield>
  <datafield tag="912" ind1=" " ind2=" ">
   <subfield code="a">GBV_ILN_151</subfield>
  </datafield>
  <datafield tag="912" ind1=" " ind2=" ">
   <subfield code="a">GBV_ILN_156</subfield>
  </datafield>
  <datafield tag="912" ind1=" " ind2=" ">
   <subfield code="a">GBV_ILN_160</subfield>
  </datafield>
  <datafield tag="912" ind1=" " ind2=" ">
   <subfield code="a">GBV_ILN_161</subfield>
  </datafield>
  <datafield tag="912" ind1=" " ind2=" ">
   <subfield code="a">GBV_ILN_164</subfield>
  </datafield>
  <datafield tag="912" ind1=" " ind2=" ">
   <subfield code="a">GBV_ILN_165</subfield>
  </datafield>
  <datafield tag="912" ind1=" " ind2=" ">
   <subfield code="a">GBV_ILN_185</subfield>
  </datafield>
  <datafield tag="912" ind1=" " ind2=" ">
   <subfield code="a">GBV_ILN_186</subfield>
  </datafield>
  <datafield tag="912" ind1=" " ind2=" ">
   <subfield code="a">GBV_ILN_206</subfield>
  </datafield>
  <datafield tag="912" ind1=" " ind2=" ">
   <subfield code="a">GBV_ILN_209</subfield>
  </datafield>
  <datafield tag="912" ind1=" " ind2=" ">
   <subfield code="a">GBV_ILN_213</subfield>
  </datafield>
  <datafield tag="912" ind1=" " ind2=" ">
   <subfield code="a">GBV_ILN_222</subfield>
  </datafield>
  <datafield tag="912" ind1=" " ind2=" ">
   <subfield code="a">GBV_ILN_230</subfield>
  </datafield>
  <datafield tag="912" ind1=" " ind2=" ">
   <subfield code="a">GBV_ILN_239</subfield>
  </datafield>
  <datafield tag="912" ind1=" " ind2=" ">
   <subfield code="a">GBV_ILN_249</subfield>
  </datafield>
  <datafield tag="912" ind1=" " ind2=" ">
   <subfield code="a">GBV_ILN_252</subfield>
  </datafield>
  <datafield tag="912" ind1=" " ind2=" ">
   <subfield code="a">GBV_ILN_252_i11e</subfield>
  </datafield>
  <datafield tag="912" ind1=" " ind2=" ">
   <subfield code="a">GBV_ILN_264</subfield>
  </datafield>
  <datafield tag="912" ind1=" " ind2=" ">
   <subfield code="a">GBV_ILN_285</subfield>
  </datafield>
  <datafield tag="912" ind1=" " ind2=" ">
   <subfield code="a">GBV_ILN_293</subfield>
  </datafield>
  <datafield tag="912" ind1=" " ind2=" ">
   <subfield code="a">GBV_ILN_305</subfield>
  </datafield>
  <datafield tag="912" ind1=" " ind2=" ">
   <subfield code="a">GBV_ILN_306</subfield>
  </datafield>
  <datafield tag="912" ind1=" " ind2=" ">
   <subfield code="a">GBV_ILN_307</subfield>
  </datafield>
  <datafield tag="912" ind1=" " ind2=" ">
   <subfield code="a">GBV_ILN_313</subfield>
  </datafield>
  <datafield tag="912" ind1=" " ind2=" ">
   <subfield code="a">GBV_ILN_322</subfield>
  </datafield>
  <datafield tag="912" ind1=" " ind2=" ">
   <subfield code="a">GBV_ILN_323</subfield>
  </datafield>
  <datafield tag="912" ind1=" " ind2=" ">
   <subfield code="a">GBV_ILN_324</subfield>
  </datafield>
  <datafield tag="912" ind1=" " ind2=" ">
   <subfield code="a">GBV_ILN_325</subfield>
  </datafield>
  <datafield tag="912" ind1=" " ind2=" ">
   <subfield code="a">GBV_ILN_326</subfield>
  </datafield>
  <datafield tag="912" ind1=" " ind2=" ">
   <subfield code="a">GBV_ILN_335</subfield>
  </datafield>
  <datafield tag="912" ind1=" " ind2=" ">
   <subfield code="a">GBV_ILN_338</subfield>
  </datafield>
  <datafield tag="912" ind1=" " ind2=" ">
   <subfield code="a">GBV_ILN_358</subfield>
  </datafield>
  <datafield tag="912" ind1=" " ind2=" ">
   <subfield code="a">GBV_ILN_367</subfield>
  </datafield>
  <datafield tag="912" ind1=" " ind2=" ">
   <subfield code="a">GBV_ILN_370</subfield>
  </datafield>
  <datafield tag="912" ind1=" " ind2=" ">
   <subfield code="a">GBV_ILN_602</subfield>
  </datafield>
  <datafield tag="912" ind1=" " ind2=" ">
   <subfield code="a">GBV_ILN_635</subfield>
  </datafield>
  <datafield tag="912" ind1=" " ind2=" ">
   <subfield code="a">GBV_ILN_640</subfield>
  </datafield>
  <datafield tag="912" ind1=" " ind2=" ">
   <subfield code="a">GBV_ILN_648</subfield>
  </datafield>
  <datafield tag="912" ind1=" " ind2=" ">
   <subfield code="a">GBV_ILN_685</subfield>
  </datafield>
  <datafield tag="912" ind1=" " ind2=" ">
   <subfield code="a">GBV_ILN_700</subfield>
  </datafield>
  <datafield tag="912" ind1=" " ind2=" ">
   <subfield code="a">GBV_ILN_701</subfield>
  </datafield>
  <datafield tag="912" ind1=" " ind2=" ">
   <subfield code="a">GBV_ILN_701_006</subfield>
  </datafield>
  <datafield tag="912" ind1=" " ind2=" ">
   <subfield code="a">GBV_ILN_701_007</subfield>
  </datafield>
  <datafield tag="912" ind1=" " ind2=" ">
   <subfield code="a">GBV_ILN_701_008</subfield>
  </datafield>
  <datafield tag="912" ind1=" " ind2=" ">
   <subfield code="a">GBV_ILN_701_009</subfield>
  </datafield>
  <datafield tag="912" ind1=" " ind2=" ">
   <subfield code="a">GBV_ILN_701_010</subfield>
  </datafield>
  <datafield tag="912" ind1=" " ind2=" ">
   <subfield code="a">GBV_ILN_701_012</subfield>
  </datafield>
  <datafield tag="912" ind1=" " ind2=" ">
   <subfield code="a">GBV_ILN_701_014</subfield>
  </datafield>
  <datafield tag="912" ind1=" " ind2=" ">
   <subfield code="a">GBV_ILN_701_016</subfield>
  </datafield>
  <datafield tag="912" ind1=" " ind2=" ">
   <subfield code="a">GBV_ILN_752</subfield>
  </datafield>
  <datafield tag="912" ind1=" " ind2=" ">
   <subfield code="a">GBV_ILN_754</subfield>
  </datafield>
  <datafield tag="951" ind1=" " ind2=" ">
   <subfield code="a">JT</subfield>
  </datafield>
  <datafield tag="980" ind1=" " ind2=" ">
   <subfield code="2">11</subfield>
   <subfield code="1">10</subfield>
   <subfield code="b">1515112888</subfield>
   <subfield code="k">Freier Zugriff an Internetarbeitspl&#xE4;tzen</subfield>
   <subfield code="x">0001</subfield>
   <subfield code="y">b5</subfield>
   <subfield code="z">19-12-14</subfield>
  </datafield>
  <datafield tag="980" ind1=" " ind2=" ">
   <subfield code="2">12</subfield>
   <subfield code="1">01</subfield>
   <subfield code="b">1472425235</subfield>
   <subfield code="g">Bestand: lizenziert / 2000 -</subfield>
   <subfield code="x">0012</subfield>
   <subfield code="y">b100</subfield>
   <subfield code="z">16-02-19</subfield>
  </datafield>
  <datafield tag="980" ind1=" " ind2=" ">
   <subfield code="2">20</subfield>
   <subfield code="1">01</subfield>
   <subfield code="b">758889593</subfield>
   <subfield code="g">Bestand: lizenzfrei: 2000 -</subfield>
   <subfield code="h">OLR-EZB</subfield>
   <subfield code="x">0084</subfield>
   <subfield code="y">b</subfield>
   <subfield code="z">10-03-17</subfield>
  </datafield>
  <datafield tag="980" ind1=" " ind2=" ">
   <subfield code="2">22</subfield>
   <subfield code="1">01</subfield>
   <subfield code="b">757968414</subfield>
   <subfield code="g">Bestand: lizenzfrei: 2000 -</subfield>
   <subfield code="h">olr-ezb</subfield>
   <subfield code="x">0018</subfield>
   <subfield code="y">bu</subfield>
   <subfield code="z">10-03-17</subfield>
  </datafield>
  <datafield tag="980" ind1=" " ind2=" ">
   <subfield code="2">23</subfield>
   <subfield code="1">01</subfield>
   <subfield code="b">1116958082</subfield>
   <subfield code="g">Bestand: lizenzfrei: 2000 -</subfield>
   <subfield code="h">olr-ezb</subfield>
   <subfield code="x">0830</subfield>
   <subfield code="y">b</subfield>
   <subfield code="z">10-03-17</subfield>
  </datafield>
  <datafield tag="980" ind1=" " ind2=" ">
   <subfield code="2">24</subfield>
   <subfield code="1">01</subfield>
   <subfield code="b">758892020</subfield>
   <subfield code="g">Bestand: lizenzfrei: 2000 -</subfield>
   <subfield code="h">OLR-EZB</subfield>
   <subfield code="x">0008</subfield>
   <subfield code="y">b</subfield>
   <subfield code="z">10-03-17</subfield>
  </datafield>
  <datafield tag="980" ind1=" " ind2=" ">
   <subfield code="2">26</subfield>
   <subfield code="1">01</subfield>
   <subfield code="b">1179283600</subfield>
   <subfield code="k">Zugang an beiden Standorten unter:</subfield>
   <subfield code="x">0206</subfield>
   <subfield code="y">b1h</subfield>
   <subfield code="z">02-09-10</subfield>
  </datafield>
  <datafield tag="980" ind1=" " ind2=" ">
   <subfield code="2">26</subfield>
   <subfield code="1">03</subfield>
   <subfield code="b">1179283627</subfield>
   <subfield code="k">Zugang an beiden Standorten</subfield>
   <subfield code="x">0206</subfield>
   <subfield code="y">b1k</subfield>
   <subfield code="z">02-09-10</subfield>
  </datafield>
  <datafield tag="980" ind1=" " ind2=" ">
   <subfield code="2">30</subfield>
   <subfield code="1">01</subfield>
   <subfield code="b">1688261184</subfield>
   <subfield code="h">OLR-EZB</subfield>
   <subfield code="x">0104</subfield>
   <subfield code="y">b</subfield>
   <subfield code="z">22-05-17</subfield>
  </datafield>
  <datafield tag="980" ind1=" " ind2=" ">
   <subfield code="2">31</subfield>
   <subfield code="1">02</subfield>
   <subfield code="b">1668180219</subfield>
   <subfield code="g">Bestand: lizenzfrei: 2000 -</subfield>
   <subfield code="x">0027</subfield>
   <subfield code="y">bezb</subfield>
   <subfield code="z">02-03-17</subfield>
  </datafield>
  <datafield tag="980" ind1=" " ind2=" ">
   <subfield code="2">34</subfield>
   <subfield code="1">01</subfield>
   <subfield code="b">1794549595</subfield>
   <subfield code="h">OLR-EZB</subfield>
   <subfield code="x">3551</subfield>
   <subfield code="y">bi</subfield>
   <subfield code="z">20-08-18</subfield>
  </datafield>
  <datafield tag="980" ind1=" " ind2=" ">
   <subfield code="2">37</subfield>
   <subfield code="1">01</subfield>
   <subfield code="b">1818755696</subfield>
   <subfield code="g">Bestand: lizenziert / 2000 -</subfield>
   <subfield code="x">0026</subfield>
   <subfield code="y">b000</subfield>
   <subfield code="z">12-10-18</subfield>
  </datafield>
  <datafield tag="980" ind1=" " ind2=" ">
   <subfield code="2">40</subfield>
   <subfield code="1">02</subfield>
   <subfield code="b">758892764</subfield>
   <subfield code="g">Bestand: lizenzfrei: 2000 -</subfield>
   <subfield code="h">olr-ezb</subfield>
   <subfield code="x">0007</subfield>
   <subfield code="y">bsn</subfield>
   <subfield code="z">10-03-17</subfield>
  </datafield>
  <datafield tag="980" ind1=" " ind2=" ">
   <subfield code="2">60</subfield>
   <subfield code="1">01</subfield>
   <subfield code="b">758896824</subfield>
   <subfield code="g">Bestand: lizenzfrei: 2000 -</subfield>
   <subfield code="h">OLR-EZB</subfield>
   <subfield code="x">0705</subfield>
   <subfield code="y">b</subfield>
   <subfield code="z">12-08-16</subfield>
  </datafield>
  <datafield tag="980" ind1=" " ind2=" ">
   <subfield code="2">62</subfield>
   <subfield code="1">01</subfield>
   <subfield code="b">1688446621</subfield>
   <subfield code="g">Bestand: lizenzfrei: 2000 -</subfield>
   <subfield code="x">0028</subfield>
   <subfield code="y">b</subfield>
   <subfield code="z">22-05-17</subfield>
  </datafield>
  <datafield tag="980" ind1=" " ind2=" ">
   <subfield code="2">63</subfield>
   <subfield code="1">01</subfield>
   <subfield code="b">1688168281</subfield>
   <subfield code="h">OLR-EZB</subfield>
   <subfield code="x">3401</subfield>
   <subfield code="y">b</subfield>
   <subfield code="z">22-05-17</subfield>
  </datafield>
  <datafield tag="980" ind1=" " ind2=" ">
   <subfield code="2">65</subfield>
   <subfield code="1">01</subfield>
   <subfield code="b">757969399</subfield>
   <subfield code="g">Bestand: lizenzfrei: 2000 -</subfield>
   <subfield code="h">OLR-EZB</subfield>
   <subfield code="x">0003</subfield>
   <subfield code="y">b</subfield>
   <subfield code="z">11-03-17</subfield>
  </datafield>
  <datafield tag="980" ind1=" " ind2=" ">
   <subfield code="2">66</subfield>
   <subfield code="1">01</subfield>
   <subfield code="b">1799096173</subfield>
   <subfield code="h">OLR-EZB</subfield>
   <subfield code="x">3066</subfield>
   <subfield code="y">bo</subfield>
   <subfield code="z">03-09-18</subfield>
  </datafield>
  <datafield tag="980" ind1=" " ind2=" ">
   <subfield code="2">69</subfield>
   <subfield code="1">01</subfield>
   <subfield code="b">759001138</subfield>
   <subfield code="g">Bestand: lizenzfrei: 2000 -</subfield>
   <subfield code="x">0009</subfield>
   <subfield code="y">b</subfield>
   <subfield code="z">10-03-17</subfield>
  </datafield>
  <datafield tag="980" ind1=" " ind2=" ">
   <subfield code="2">70</subfield>
   <subfield code="1">02</subfield>
   <subfield code="b">1238977960</subfield>
   <subfield code="g">Bestand: lizenzfrei: 2000 -</subfield>
   <subfield code="h">OLR-EZB</subfield>
   <subfield code="x">0089</subfield>
   <subfield code="y">b</subfield>
   <subfield code="z">10-03-17</subfield>
  </datafield>
  <datafield tag="980" ind1=" " ind2=" ">
   <subfield code="2">72</subfield>
   <subfield code="1">01</subfield>
   <subfield code="b">1689120673</subfield>
   <subfield code="h">OLR-EZB</subfield>
   <subfield code="x">0035</subfield>
   <subfield code="y">b</subfield>
   <subfield code="z">22-05-17</subfield>
  </datafield>
  <datafield tag="980" ind1=" " ind2=" ">
   <subfield code="2">73</subfield>
   <subfield code="1">01</subfield>
   <subfield code="b">1618412906</subfield>
   <subfield code="g">Bestand: lizenzfrei: 2000 -</subfield>
   <subfield code="h">OLR-EZB</subfield>
   <subfield code="x">0095</subfield>
   <subfield code="y">b</subfield>
   <subfield code="z">10-03-17</subfield>
  </datafield>
  <datafield tag="980" ind1=" " ind2=" ">
   <subfield code="2">91</subfield>
   <subfield code="1">01</subfield>
   <subfield code="b">1797178598</subfield>
   <subfield code="h">OLR-EZB</subfield>
   <subfield code="k">Freie Nutzung im Campusnetz der Hochschule und f&#xFC;r registrierte Benutzer</subfield>
   <subfield code="x">3091</subfield>
   <subfield code="y">b</subfield>
   <subfield code="z">20-08-18</subfield>
  </datafield>
  <datafield tag="980" ind1=" " ind2=" ">
   <subfield code="2">95</subfield>
   <subfield code="1">01</subfield>
   <subfield code="b">1251801978</subfield>
   <subfield code="g">Bestand: lizenzfrei: 2000 -</subfield>
   <subfield code="h">OLR-EZB</subfield>
   <subfield code="x">3095</subfield>
   <subfield code="y">b1</subfield>
   <subfield code="z">13-05-17</subfield>
  </datafield>
  <datafield tag="980" ind1=" " ind2=" ">
   <subfield code="2">105</subfield>
   <subfield code="1">01</subfield>
   <subfield code="b">1751051080</subfield>
   <subfield code="g">Bestand: lizenzfrei: 2000 -</subfield>
   <subfield code="x">0841</subfield>
   <subfield code="y">b</subfield>
   <subfield code="z">16-02-18</subfield>
  </datafield>
  <datafield tag="980" ind1=" " ind2=" ">
   <subfield code="2">110</subfield>
   <subfield code="1">01</subfield>
   <subfield code="b">758893523</subfield>
   <subfield code="g">Bestand: lizenzfrei: 2000 -</subfield>
   <subfield code="h">OLR-EZB</subfield>
   <subfield code="x">3110</subfield>
   <subfield code="y">b</subfield>
   <subfield code="z">10-03-17</subfield>
  </datafield>
  <datafield tag="980" ind1=" " ind2=" ">
   <subfield code="2">112</subfield>
   <subfield code="1">01</subfield>
   <subfield code="b">1300243732</subfield>
   <subfield code="g">Bestand: lizenziert / 2000 -</subfield>
   <subfield code="x">0029</subfield>
   <subfield code="y">b000</subfield>
   <subfield code="z">12-04-17</subfield>
  </datafield>
  <datafield tag="980" ind1=" " ind2=" ">
   <subfield code="2">118</subfield>
   <subfield code="1">01</subfield>
   <subfield code="b">1689387025</subfield>
   <subfield code="h">OLR-EZB</subfield>
   <subfield code="x">3329</subfield>
   <subfield code="y">b1</subfield>
   <subfield code="z">22-05-17</subfield>
  </datafield>
  <datafield tag="980" ind1=" " ind2=" ">
   <subfield code="2">122</subfield>
   <subfield code="1">01</subfield>
   <subfield code="b">1688654267</subfield>
   <subfield code="h">OLR-EZB</subfield>
   <subfield code="x">0897</subfield>
   <subfield code="y">b</subfield>
   <subfield code="z">22-05-17</subfield>
  </datafield>
  <datafield tag="980" ind1=" " ind2=" ">
   <subfield code="2">125</subfield>
   <subfield code="1">01</subfield>
   <subfield code="b">1479805750</subfield>
   <subfield code="g">Bestand: lizenziert / 2000 -</subfield>
   <subfield code="x">0355</subfield>
   <subfield code="y">b000</subfield>
   <subfield code="z">12-04-17</subfield>
  </datafield>
  <datafield tag="980" ind1=" " ind2=" ">
   <subfield code="2">126</subfield>
   <subfield code="1">01</subfield>
   <subfield code="b">1480202339</subfield>
   <subfield code="g">Bestand: lizenziert / 2000 -</subfield>
   <subfield code="x">0384</subfield>
   <subfield code="y">b001</subfield>
   <subfield code="z">12-04-17</subfield>
  </datafield>
  <datafield tag="980" ind1=" " ind2=" ">
   <subfield code="2">130</subfield>
   <subfield code="1">01</subfield>
   <subfield code="b">1688353585</subfield>
   <subfield code="h">OLR-EZB</subfield>
   <subfield code="x">0700</subfield>
   <subfield code="y">b</subfield>
   <subfield code="z">22-05-17</subfield>
  </datafield>
  <datafield tag="980" ind1=" " ind2=" ">
   <subfield code="2">131</subfield>
   <subfield code="1">01</subfield>
   <subfield code="b">1689493682</subfield>
   <subfield code="h">OLR-EZB</subfield>
   <subfield code="x">3131</subfield>
   <subfield code="y">b</subfield>
   <subfield code="z">22-05-17</subfield>
  </datafield>
  <datafield tag="980" ind1=" " ind2=" ">
   <subfield code="2">132</subfield>
   <subfield code="1">01</subfield>
   <subfield code="b">1688974164</subfield>
   <subfield code="h">OLR-EZB</subfield>
   <subfield code="x">0959</subfield>
   <subfield code="y">b</subfield>
   <subfield code="z">22-05-17</subfield>
  </datafield>
  <datafield tag="980" ind1=" " ind2=" ">
   <subfield code="2">135</subfield>
   <subfield code="1">01</subfield>
   <subfield code="b">1801067031</subfield>
   <subfield code="h">OLR-EZB</subfield>
   <subfield code="x">3313</subfield>
   <subfield code="y">bezb</subfield>
   <subfield code="z">04-09-18</subfield>
  </datafield>
  <datafield tag="980" ind1=" " ind2=" ">
   <subfield code="2">140</subfield>
   <subfield code="1">01</subfield>
   <subfield code="b">1688553282</subfield>
   <subfield code="h">OLR-EZB</subfield>
   <subfield code="x">0839</subfield>
   <subfield code="y">b</subfield>
   <subfield code="z">22-05-17</subfield>
  </datafield>
  <datafield tag="980" ind1=" " ind2=" ">
   <subfield code="2">147</subfield>
   <subfield code="1">01</subfield>
   <subfield code="b">1689325593</subfield>
   <subfield code="h">OLR-EZB</subfield>
   <subfield code="k">Volltexte frei zug&#xE4;nglich</subfield>
   <subfield code="x">3528</subfield>
   <subfield code="y">b</subfield>
   <subfield code="z">22-05-17</subfield>
  </datafield>
  <datafield tag="980" ind1=" " ind2=" ">
   <subfield code="2">151</subfield>
   <subfield code="1">01</subfield>
   <subfield code="b">1689851708</subfield>
   <subfield code="h">OLR-EZB</subfield>
   <subfield code="x">0546</subfield>
   <subfield code="y">bezb</subfield>
   <subfield code="z">23-05-17</subfield>
  </datafield>
  <datafield tag="980" ind1=" " ind2=" ">
   <subfield code="2">156</subfield>
   <subfield code="1">01</subfield>
   <subfield code="b">946736804</subfield>
   <subfield code="h">OLR-EZB</subfield>
   <subfield code="x">0204</subfield>
   <subfield code="y">b</subfield>
   <subfield code="z">04-09-09</subfield>
  </datafield>
  <datafield tag="980" ind1=" " ind2=" ">
   <subfield code="2">160</subfield>
   <subfield code="1">01</subfield>
   <subfield code="b">1688871888</subfield>
   <subfield code="h">OLR-EZB</subfield>
   <subfield code="x">0755</subfield>
   <subfield code="y">b</subfield>
   <subfield code="z">22-05-17</subfield>
  </datafield>
  <datafield tag="980" ind1=" " ind2=" ">
   <subfield code="2">161</subfield>
   <subfield code="1">01</subfield>
   <subfield code="b">881894710</subfield>
   <subfield code="g">Bestand: lizenzfrei: 2000 -</subfield>
   <subfield code="h">OLR-EZB</subfield>
   <subfield code="x">0960</subfield>
   <subfield code="y">b</subfield>
   <subfield code="z">13-05-17</subfield>
  </datafield>
  <datafield tag="980" ind1=" " ind2=" ">
   <subfield code="2">164</subfield>
   <subfield code="1">01</subfield>
   <subfield code="b">1689040904</subfield>
   <subfield code="h">OLR-EZB</subfield>
   <subfield code="x">0916</subfield>
   <subfield code="y">b</subfield>
   <subfield code="z">22-05-17</subfield>
  </datafield>
  <datafield tag="980" ind1=" " ind2=" ">
   <subfield code="2">165</subfield>
   <subfield code="1">01</subfield>
   <subfield code="b">1796585068</subfield>
   <subfield code="h">OLR-EZB</subfield>
   <subfield code="x">0834</subfield>
   <subfield code="y">b</subfield>
   <subfield code="z">20-08-18</subfield>
  </datafield>
  <datafield tag="980" ind1=" " ind2=" ">
   <subfield code="2">185</subfield>
   <subfield code="1">01</subfield>
   <subfield code="b">1795531304</subfield>
   <subfield code="h">OLR-EZB</subfield>
   <subfield code="x">3519</subfield>
   <subfield code="y">b</subfield>
   <subfield code="z">20-08-18</subfield>
  </datafield>
  <datafield tag="980" ind1=" " ind2=" ">
   <subfield code="2">186</subfield>
   <subfield code="1">01</subfield>
   <subfield code="b">1803770333</subfield>
   <subfield code="h">OLR-EZB</subfield>
   <subfield code="k">Volltextzugang nur f&#xFC;r die Hochschule Neubrandenburg</subfield>
   <subfield code="x">0519</subfield>
   <subfield code="y">bz</subfield>
   <subfield code="z">09-09-18</subfield>
  </datafield>
  <datafield tag="980" ind1=" " ind2=" ">
   <subfield code="2">206</subfield>
   <subfield code="1">01</subfield>
   <subfield code="b">1632298279</subfield>
   <subfield code="g">Bestand: lizenzfrei: 2000 -</subfield>
   <subfield code="h">OLR-EZB</subfield>
   <subfield code="x">3350</subfield>
   <subfield code="y">b</subfield>
   <subfield code="z">10-03-17</subfield>
  </datafield>
  <datafield tag="980" ind1=" " ind2=" ">
   <subfield code="2">209</subfield>
   <subfield code="1">01</subfield>
   <subfield code="b">1111102902</subfield>
   <subfield code="h">OLR-EZB</subfield>
   <subfield code="x">3570</subfield>
   <subfield code="y">b</subfield>
   <subfield code="z">25-01-10</subfield>
  </datafield>
  <datafield tag="980" ind1=" " ind2=" ">
   <subfield code="2">213</subfield>
   <subfield code="1">01</subfield>
   <subfield code="b">168917224X</subfield>
   <subfield code="h">OLR-EZB</subfield>
   <subfield code="x">0551</subfield>
   <subfield code="y">b</subfield>
   <subfield code="z">22-05-17</subfield>
  </datafield>
  <datafield tag="980" ind1=" " ind2=" ">
   <subfield code="2">222</subfield>
   <subfield code="1">01</subfield>
   <subfield code="b">1301048631</subfield>
   <subfield code="g">Bestand: lizenziert / 2000 -</subfield>
   <subfield code="x">0090</subfield>
   <subfield code="y">b</subfield>
   <subfield code="z">11-04-17</subfield>
  </datafield>
  <datafield tag="980" ind1=" " ind2=" ">
   <subfield code="2">230</subfield>
   <subfield code="1">01</subfield>
   <subfield code="b">1689225793</subfield>
   <subfield code="h">OLR-EZB</subfield>
   <subfield code="x">0552</subfield>
   <subfield code="y">b</subfield>
   <subfield code="z">22-05-17</subfield>
  </datafield>
  <datafield tag="980" ind1=" " ind2=" ">
   <subfield code="2">239</subfield>
   <subfield code="1">01</subfield>
   <subfield code="b">128880993X</subfield>
   <subfield code="h">OLR-EZB</subfield>
   <subfield code="x">3239</subfield>
   <subfield code="y">bezb</subfield>
   <subfield code="z">17-01-12</subfield>
  </datafield>
  <datafield tag="980" ind1=" " ind2=" ">
   <subfield code="2">249</subfield>
   <subfield code="1">01</subfield>
   <subfield code="b">148201842X</subfield>
   <subfield code="g">Bestand: lizenziert / 2000 -</subfield>
   <subfield code="x">0946</subfield>
   <subfield code="y">b</subfield>
   <subfield code="z">08-04-17</subfield>
  </datafield>
  <datafield tag="980" ind1=" " ind2=" ">
   <subfield code="2">252</subfield>
   <subfield code="1">01</subfield>
   <subfield code="b">1807942856</subfield>
   <subfield code="f">BFR</subfield>
   <subfield code="e">g</subfield>
   <subfield code="h">OLR-EZB</subfield>
   <subfield code="l">FFRREEEE</subfield>
   <subfield code="x">4252</subfield>
   <subfield code="y">bi11e</subfield>
   <subfield code="z">24-09-18</subfield>
  </datafield>
  <datafield tag="980" ind1=" " ind2=" ">
   <subfield code="2">264</subfield>
   <subfield code="1">01</subfield>
   <subfield code="b">1688762345</subfield>
   <subfield code="h">OLR-EZB</subfield>
   <subfield code="x">3264</subfield>
   <subfield code="y">b</subfield>
   <subfield code="z">22-05-17</subfield>
  </datafield>
  <datafield tag="980" ind1=" " ind2=" ">
   <subfield code="2">285</subfield>
   <subfield code="1">01</subfield>
   <subfield code="b">843029366</subfield>
   <subfield code="f">1960</subfield>
   <subfield code="g">Bestand: lizenzfrei: 2000 -</subfield>
   <subfield code="h">OLR-EZB</subfield>
   <subfield code="x">0517</subfield>
   <subfield code="y">b</subfield>
   <subfield code="z">10-03-17</subfield>
  </datafield>
  <datafield tag="980" ind1=" " ind2=" ">
   <subfield code="2">293</subfield>
   <subfield code="1">01</subfield>
   <subfield code="b">200808915</subfield>
   <subfield code="g">Bestand: lizenzfrei: 2000 -</subfield>
   <subfield code="h">OLR-EZB</subfield>
   <subfield code="x">3293</subfield>
   <subfield code="y">b</subfield>
   <subfield code="z">13-05-17</subfield>
  </datafield>
  <datafield tag="980" ind1=" " ind2=" ">
   <subfield code="2">305</subfield>
   <subfield code="1">01</subfield>
   <subfield code="b">1483045471</subfield>
   <subfield code="g">Bestand: lizenziert / 2000 -</subfield>
   <subfield code="x">0019</subfield>
   <subfield code="y">bn</subfield>
   <subfield code="z">12-04-17</subfield>
  </datafield>
  <datafield tag="980" ind1=" " ind2=" ">
   <subfield code="2">306</subfield>
   <subfield code="1">01</subfield>
   <subfield code="b">1483407128</subfield>
   <subfield code="g">Bestand: lizenziert / 2000 -</subfield>
   <subfield code="x">0020</subfield>
   <subfield code="y">b</subfield>
   <subfield code="z">12-04-17</subfield>
  </datafield>
  <datafield tag="980" ind1=" " ind2=" ">
   <subfield code="2">307</subfield>
   <subfield code="1">01</subfield>
   <subfield code="b">1483724344</subfield>
   <subfield code="g">Bestand: lizenziert / 2000 -</subfield>
   <subfield code="x">0091</subfield>
   <subfield code="y">b</subfield>
   <subfield code="z">12-04-17</subfield>
  </datafield>
  <datafield tag="980" ind1=" " ind2=" ">
   <subfield code="2">313</subfield>
   <subfield code="1">01</subfield>
   <subfield code="b">168518636X</subfield>
   <subfield code="g">Bestand: lizenziert / 2000 -</subfield>
   <subfield code="x">8541</subfield>
   <subfield code="y">b</subfield>
   <subfield code="z">29-04-17</subfield>
  </datafield>
  <datafield tag="980" ind1=" " ind2=" ">
   <subfield code="2">322</subfield>
   <subfield code="1">01</subfield>
   <subfield code="b">1483995976</subfield>
   <subfield code="g">Bestand: lizenziert / 2000 -</subfield>
   <subfield code="x">0473</subfield>
   <subfield code="y">b</subfield>
   <subfield code="z">12-04-17</subfield>
  </datafield>
  <datafield tag="980" ind1=" " ind2=" ">
   <subfield code="2">323</subfield>
   <subfield code="1">01</subfield>
   <subfield code="b">1484288815</subfield>
   <subfield code="g">Bestand: lizenziert / 2000 -</subfield>
   <subfield code="x">0703</subfield>
   <subfield code="y">b</subfield>
   <subfield code="z">12-04-17</subfield>
  </datafield>
  <datafield tag="980" ind1=" " ind2=" ">
   <subfield code="2">324</subfield>
   <subfield code="1">01</subfield>
   <subfield code="b">148459973X</subfield>
   <subfield code="g">Bestand: lizenziert / 2000 -</subfield>
   <subfield code="x">0739</subfield>
   <subfield code="y">b</subfield>
   <subfield code="z">12-04-17</subfield>
  </datafield>
  <datafield tag="980" ind1=" " ind2=" ">
   <subfield code="2">325</subfield>
   <subfield code="1">01</subfield>
   <subfield code="b">1485002877</subfield>
   <subfield code="g">Bestand: lizenziert / 2000 -</subfield>
   <subfield code="x">0824</subfield>
   <subfield code="y">b</subfield>
   <subfield code="z">12-04-17</subfield>
  </datafield>
  <datafield tag="980" ind1=" " ind2=" ">
   <subfield code="2">326</subfield>
   <subfield code="1">01</subfield>
   <subfield code="b">1485345537</subfield>
   <subfield code="g">Bestand: lizenziert / 2000 -</subfield>
   <subfield code="x">0521</subfield>
   <subfield code="y">b</subfield>
   <subfield code="z">16-02-19</subfield>
  </datafield>
  <datafield tag="980" ind1=" " ind2=" ">
   <subfield code="2">335</subfield>
   <subfield code="1">01</subfield>
   <subfield code="b">1485547059</subfield>
   <subfield code="g">Bestand: lizenziert / 2000 -</subfield>
   <subfield code="x">0523</subfield>
   <subfield code="y">b</subfield>
   <subfield code="z">11-04-17</subfield>
  </datafield>
  <datafield tag="980" ind1=" " ind2=" ">
   <subfield code="2">338</subfield>
   <subfield code="1">01</subfield>
   <subfield code="b">1300073756</subfield>
   <subfield code="g">Bestand: lizenziert / 2000 -</subfield>
   <subfield code="x">0092</subfield>
   <subfield code="y">b</subfield>
   <subfield code="z">08-04-17</subfield>
  </datafield>
  <datafield tag="980" ind1=" " ind2=" ">
   <subfield code="2">358</subfield>
   <subfield code="1">01</subfield>
   <subfield code="b">1689593776</subfield>
   <subfield code="h">OLR-EZB</subfield>
   <subfield code="x">4358</subfield>
   <subfield code="y">b</subfield>
   <subfield code="z">22-05-17</subfield>
  </datafield>
  <datafield tag="980" ind1=" " ind2=" ">
   <subfield code="2">367</subfield>
   <subfield code="1">01</subfield>
   <subfield code="b">1485960037</subfield>
   <subfield code="g">Bestand: lizenziert / 2000 -</subfield>
   <subfield code="x">0155</subfield>
   <subfield code="y">b</subfield>
   <subfield code="z">11-04-17</subfield>
  </datafield>
  <datafield tag="980" ind1=" " ind2=" ">
   <subfield code="2">370</subfield>
   <subfield code="1">01</subfield>
   <subfield code="b">123534360X</subfield>
   <subfield code="g">Bestand: lizenzfrei: 2000 -</subfield>
   <subfield code="h">olr-ezb</subfield>
   <subfield code="x">4370</subfield>
   <subfield code="y">b</subfield>
   <subfield code="z">13-05-17</subfield>
  </datafield>
  <datafield tag="980" ind1=" " ind2=" ">
   <subfield code="2">602</subfield>
   <subfield code="1">01</subfield>
   <subfield code="b">158981407X</subfield>
   <subfield code="g">Bestand: lizenzfrei: 2000 -</subfield>
   <subfield code="h">OLR-EZB</subfield>
   <subfield code="x">9052</subfield>
   <subfield code="y">b</subfield>
   <subfield code="z">13-05-17</subfield>
  </datafield>
  <datafield tag="980" ind1=" " ind2=" ">
   <subfield code="2">635</subfield>
   <subfield code="1">01</subfield>
   <subfield code="b">1800466447</subfield>
   <subfield code="h">OLR-EZB</subfield>
   <subfield code="x">3635</subfield>
   <subfield code="y">bezb</subfield>
   <subfield code="z">04-09-18</subfield>
  </datafield>
  <datafield tag="980" ind1=" " ind2=" ">
   <subfield code="2">640</subfield>
   <subfield code="1">01</subfield>
   <subfield code="b">1801757526</subfield>
   <subfield code="h">OLR-EZB</subfield>
   <subfield code="x">0205</subfield>
   <subfield code="y">bezb</subfield>
   <subfield code="z">04-09-18</subfield>
  </datafield>
  <datafield tag="980" ind1=" " ind2=" ">
   <subfield code="2">648</subfield>
   <subfield code="1">01</subfield>
   <subfield code="b">1805544594</subfield>
   <subfield code="h">OLR-EZB</subfield>
   <subfield code="x">4648</subfield>
   <subfield code="y">bezb</subfield>
   <subfield code="z">17-09-18</subfield>
  </datafield>
  <datafield tag="980" ind1=" " ind2=" ">
   <subfield code="2">685</subfield>
   <subfield code="1">01</subfield>
   <subfield code="b">1799873072</subfield>
   <subfield code="h">OLR-EZB</subfield>
   <subfield code="x">4685</subfield>
   <subfield code="y">b</subfield>
   <subfield code="z">03-09-18</subfield>
  </datafield>
  <datafield tag="980" ind1=" " ind2=" ">
   <subfield code="2">700</subfield>
   <subfield code="1">01</subfield>
   <subfield code="b">1486297056</subfield>
   <subfield code="g">Bestand: lizenziert / 2000 -</subfield>
   <subfield code="x">0706</subfield>
   <subfield code="y">b</subfield>
   <subfield code="z">12-04-17</subfield>
  </datafield>
  <datafield tag="980" ind1=" " ind2=" ">
   <subfield code="2">701</subfield>
   <subfield code="1">01</subfield>
   <subfield code="b">1486628192</subfield>
   <subfield code="g">Bestand: lizenziert / 2000 -</subfield>
   <subfield code="x">8400</subfield>
   <subfield code="y">b006</subfield>
   <subfield code="z">08-04-17</subfield>
  </datafield>
  <datafield tag="980" ind1=" " ind2=" ">
   <subfield code="2">701</subfield>
   <subfield code="1">02</subfield>
   <subfield code="b">1486911749</subfield>
   <subfield code="g">Bestand: lizenziert / 2000 -</subfield>
   <subfield code="x">8400</subfield>
   <subfield code="y">b007</subfield>
   <subfield code="z">08-04-17</subfield>
  </datafield>
  <datafield tag="980" ind1=" " ind2=" ">
   <subfield code="2">701</subfield>
   <subfield code="1">03</subfield>
   <subfield code="b">1487062303</subfield>
   <subfield code="g">Bestand: lizenziert / 2000 -</subfield>
   <subfield code="x">8400</subfield>
   <subfield code="y">b008</subfield>
   <subfield code="z">08-04-17</subfield>
  </datafield>
  <datafield tag="980" ind1=" " ind2=" ">
   <subfield code="2">701</subfield>
   <subfield code="1">04</subfield>
   <subfield code="b">1487172109</subfield>
   <subfield code="g">Bestand: lizenziert / 2000 -</subfield>
   <subfield code="x">8400</subfield>
   <subfield code="y">b009</subfield>
   <subfield code="z">08-04-17</subfield>
  </datafield>
  <datafield tag="980" ind1=" " ind2=" ">
   <subfield code="2">701</subfield>
   <subfield code="1">05</subfield>
   <subfield code="b">1487409931</subfield>
   <subfield code="g">Bestand: lizenziert / 2000 -</subfield>
   <subfield code="x">8400</subfield>
   <subfield code="y">b010</subfield>
   <subfield code="z">08-04-17</subfield>
  </datafield>
  <datafield tag="980" ind1=" " ind2=" ">
   <subfield code="2">701</subfield>
   <subfield code="1">06</subfield>
   <subfield code="b">1487724470</subfield>
   <subfield code="g">Bestand: lizenziert / 2000 -</subfield>
   <subfield code="x">8400</subfield>
   <subfield code="y">b012</subfield>
   <subfield code="z">08-04-17</subfield>
  </datafield>
  <datafield tag="980" ind1=" " ind2=" ">
   <subfield code="2">701</subfield>
   <subfield code="1">07</subfield>
   <subfield code="b">1487954875</subfield>
   <subfield code="g">Bestand: lizenziert / 2000 -</subfield>
   <subfield code="x">8400</subfield>
   <subfield code="y">b014</subfield>
   <subfield code="z">08-04-17</subfield>
  </datafield>
  <datafield tag="980" ind1=" " ind2=" ">
   <subfield code="2">701</subfield>
   <subfield code="1">08</subfield>
   <subfield code="b">1488141193</subfield>
   <subfield code="g">Bestand: lizenziert / 2000 -</subfield>
   <subfield code="x">8400</subfield>
   <subfield code="y">b016</subfield>
   <subfield code="z">08-04-17</subfield>
  </datafield>
  <datafield tag="980" ind1=" " ind2=" ">
   <subfield code="2">752</subfield>
   <subfield code="1">01</subfield>
   <subfield code="b">1345921993</subfield>
   <subfield code="h">OLR-EZB</subfield>
   <subfield code="x">4752</subfield>
   <subfield code="y">bezb</subfield>
   <subfield code="z">09-12-12</subfield>
  </datafield>
  <datafield tag="980" ind1=" " ind2=" ">
   <subfield code="2">754</subfield>
   <subfield code="1">01</subfield>
   <subfield code="b">1804429961</subfield>
   <subfield code="h">OLR-EZB</subfield>
   <subfield code="x">3754</subfield>
   <subfield code="y">b</subfield>
   <subfield code="z">10-09-18</subfield>
  </datafield>
  <datafield tag="981" ind1=" " ind2=" ">
   <subfield code="2">11</subfield>
   <subfield code="1">10</subfield>
   <subfield code="r">http://rzblx1.uni-regensburg.de/ezeit/detail.phtml?bibid=SBBPK&amp;jour_id=46623</subfield>
  </datafield>
  <datafield tag="981" ind1=" " ind2=" ">
   <subfield code="2">12</subfield>
   <subfield code="1">01</subfield>
   <subfield code="r">http://www.bibliothek.uni-regensburg.de/ezeit/?2072136&amp;bibid=BSB</subfield>
  </datafield>
  <datafield tag="981" ind1=" " ind2=" ">
   <subfield code="2">12</subfield>
   <subfield code="1">01</subfield>
   <subfield code="r">http://www.iic.org/en/media/publications/annual-reports#.WL1AqEefcnU</subfield>
  </datafield>
  <datafield tag="981" ind1=" " ind2=" ">
   <subfield code="2">20</subfield>
   <subfield code="1">00</subfield>
   <subfield code="r">http://www.bibliothek.uni-regensburg.de/ezeit/?2072136&amp;bibid=TUBS</subfield>
  </datafield>
  <datafield tag="981" ind1=" " ind2=" ">
   <subfield code="2">22</subfield>
   <subfield code="1">00</subfield>
   <subfield code="y">EZB</subfield>
   <subfield code="r">http://www.bibliothek.uni-regensburg.de/ezeit/?2072136&amp;bibid=SUBHH</subfield>
  </datafield>
  <datafield tag="981" ind1=" " ind2=" ">
   <subfield code="2">23</subfield>
   <subfield code="1">00</subfield>
   <subfield code="r">http://www.bibliothek.uni-regensburg.de/ezeit/?2072136&amp;bibid=TUHH</subfield>
  </datafield>
  <datafield tag="981" ind1=" " ind2=" ">
   <subfield code="2">24</subfield>
   <subfield code="1">00</subfield>
   <subfield code="r">http://www.bibliothek.uni-regensburg.de/ezeit/?2072136&amp;bibid=UBK</subfield>
  </datafield>
  <datafield tag="981" ind1=" " ind2=" ">
   <subfield code="2">26</subfield>
   <subfield code="1">01</subfield>
   <subfield code="r">http://www.bibliothek.uni-regensburg.de/ezeit/?2072136</subfield>
  </datafield>
  <datafield tag="981" ind1=" " ind2=" ">
   <subfield code="2">30</subfield>
   <subfield code="1">01</subfield>
   <subfield code="r">http://www.bibliothek.uni-regensburg.de/ezeit/?2072136&amp;bibid=UBCL</subfield>
  </datafield>
  <datafield tag="981" ind1=" " ind2=" ">
   <subfield code="2">31</subfield>
   <subfield code="1">00</subfield>
   <subfield code="y">EZB</subfield>
   <subfield code="r">http://www.bibliothek.uni-regensburg.de/ezeit/?2072136&amp;bibid=THULB</subfield>
  </datafield>
  <datafield tag="981" ind1=" " ind2=" ">
   <subfield code="2">34</subfield>
   <subfield code="1">01</subfield>
   <subfield code="r">http://www.bibliothek.uni-regensburg.de/ezeit/?2072136&amp;bibid=HAWHH</subfield>
  </datafield>
  <datafield tag="981" ind1=" " ind2=" ">
   <subfield code="2">37</subfield>
   <subfield code="1">01</subfield>
   <subfield code="r">http://www.bibliothek.uni-regensburg.de/ezeit/?2072136&amp;bibid=UBGIE</subfield>
  </datafield>
  <datafield tag="981" ind1=" " ind2=" ">
   <subfield code="2">37</subfield>
   <subfield code="1">01</subfield>
   <subfield code="r">http://www.iic.org/en/media/publications/annual-reports#.WL1AqEefcnU</subfield>
  </datafield>
  <datafield tag="981" ind1=" " ind2=" ">
   <subfield code="2">40</subfield>
   <subfield code="1">00</subfield>
   <subfield code="y">EZB</subfield>
   <subfield code="r">http://www.bibliothek.uni-regensburg.de/ezeit/?2072136&amp;bibid=SUBGO</subfield>
  </datafield>
  <datafield tag="981" ind1=" " ind2=" ">
   <subfield code="2">60</subfield>
   <subfield code="1">00</subfield>
   <subfield code="r">http://www.bibliothek.uni-regensburg.de/ezeit/?2072136&amp;bibid=UBWH</subfield>
  </datafield>
  <datafield tag="981" ind1=" " ind2=" ">
   <subfield code="2">62</subfield>
   <subfield code="1">00</subfield>
   <subfield code="r">http://www.bibliothek.uni-regensburg.de/ezeit/?2072136&amp;bibid=UBRO</subfield>
  </datafield>
  <datafield tag="981" ind1=" " ind2=" ">
   <subfield code="2">63</subfield>
   <subfield code="1">01</subfield>
   <subfield code="r">http://www.bibliothek.uni-regensburg.de/ezeit/?2072136&amp;bibid=UBBUW</subfield>
  </datafield>
  <datafield tag="981" ind1=" " ind2=" ">
   <subfield code="2">65</subfield>
   <subfield code="1">00</subfield>
   <subfield code="r">http://www.bibliothek.uni-regensburg.de/ezeit/?2072136&amp;bibid=ULBH</subfield>
  </datafield>
  <datafield tag="981" ind1=" " ind2=" ">
   <subfield code="2">66</subfield>
   <subfield code="1">01</subfield>
   <subfield code="r">http://www.bibliothek.uni-regensburg.de/ezeit/?2072136&amp;bibid=KDHAL</subfield>
  </datafield>
  <datafield tag="981" ind1=" " ind2=" ">
   <subfield code="2">69</subfield>
   <subfield code="1">00</subfield>
   <subfield code="r">http://www.bibliothek.uni-regensburg.de/ezeit/?2072136&amp;bibid=UBGRW</subfield>
  </datafield>
  <datafield tag="981" ind1=" " ind2=" ">
   <subfield code="2">70</subfield>
   <subfield code="1">00</subfield>
   <subfield code="r">http://www.bibliothek.uni-regensburg.de/ezeit/?2072136&amp;bibid=UBTIB</subfield>
  </datafield>
  <datafield tag="981" ind1=" " ind2=" ">
   <subfield code="2">72</subfield>
   <subfield code="1">01</subfield>
   <subfield code="r">http://www.bibliothek.uni-regensburg.de/ezeit/?2072136&amp;bibid=GWLB</subfield>
  </datafield>
  <datafield tag="981" ind1=" " ind2=" ">
   <subfield code="2">73</subfield>
   <subfield code="1">00</subfield>
   <subfield code="y">EZB</subfield>
   <subfield code="r">http://www.bibliothek.uni-regensburg.de/ezeit/?2072136&amp;bibid=TIHO</subfield>
  </datafield>
  <datafield tag="981" ind1=" " ind2=" ">
   <subfield code="2">91</subfield>
   <subfield code="1">01</subfield>
   <subfield code="r">http://www.bibliothek.uni-regensburg.de/ezeit/?2072136&amp;bibid=HAWK</subfield>
  </datafield>
  <datafield tag="981" ind1=" " ind2=" ">
   <subfield code="2">95</subfield>
   <subfield code="1">00</subfield>
   <subfield code="r">http://www.bibliothek.uni-regensburg.de/ezeit/?2072136&amp;bibid=FHMQ</subfield>
  </datafield>
  <datafield tag="981" ind1=" " ind2=" ">
   <subfield code="2">105</subfield>
   <subfield code="1">00</subfield>
   <subfield code="r">http://www.bibliothek.uni-regensburg.de/ezeit/?2072136&amp;bibid=UBHL</subfield>
  </datafield>
  <datafield tag="981" ind1=" " ind2=" ">
   <subfield code="2">110</subfield>
   <subfield code="1">00</subfield>
   <subfield code="y">EZB</subfield>
   <subfield code="r">http://www.bibliothek.uni-regensburg.de/ezeit/?2072136&amp;bibid=UBLUE</subfield>
  </datafield>
  <datafield tag="981" ind1=" " ind2=" ">
   <subfield code="2">112</subfield>
   <subfield code="1">01</subfield>
   <subfield code="r">http://www.bibliothek.uni-regensburg.de/ezeit/?2072136&amp;bibid=UBEN</subfield>
  </datafield>
  <datafield tag="981" ind1=" " ind2=" ">
   <subfield code="2">112</subfield>
   <subfield code="1">01</subfield>
   <subfield code="r">http://www.iic.org/en/media/publications/annual-reports#.WL1AqEefcnU</subfield>
  </datafield>
  <datafield tag="981" ind1=" " ind2=" ">
   <subfield code="2">118</subfield>
   <subfield code="1">01</subfield>
   <subfield code="r">http://www.bibliothek.uni-regensburg.de/ezeit/?2072136&amp;bibid=HSB</subfield>
  </datafield>
  <datafield tag="981" ind1=" " ind2=" ">
   <subfield code="2">122</subfield>
   <subfield code="1">01</subfield>
   <subfield code="r">http://www.bibliothek.uni-regensburg.de/ezeit/?2072136&amp;bibid=FHWOE</subfield>
  </datafield>
  <datafield tag="981" ind1=" " ind2=" ">
   <subfield code="2">125</subfield>
   <subfield code="1">01</subfield>
   <subfield code="r">http://www.bibliothek.uni-regensburg.de/ezeit/?2072136&amp;bibid=UBR</subfield>
  </datafield>
  <datafield tag="981" ind1=" " ind2=" ">
   <subfield code="2">125</subfield>
   <subfield code="1">01</subfield>
   <subfield code="r">http://www.iic.org/en/media/publications/annual-reports#.WL1AqEefcnU</subfield>
  </datafield>
  <datafield tag="981" ind1=" " ind2=" ">
   <subfield code="2">126</subfield>
   <subfield code="1">01</subfield>
   <subfield code="r">http://www.bibliothek.uni-regensburg.de/ezeit/?2072136&amp;bibid=UBA</subfield>
  </datafield>
  <datafield tag="981" ind1=" " ind2=" ">
   <subfield code="2">126</subfield>
   <subfield code="1">01</subfield>
   <subfield code="r">http://www.iic.org/en/media/publications/annual-reports#.WL1AqEefcnU</subfield>
  </datafield>
  <datafield tag="981" ind1=" " ind2=" ">
   <subfield code="2">130</subfield>
   <subfield code="1">01</subfield>
   <subfield code="r">http://www.bibliothek.uni-regensburg.de/ezeit/?2072136&amp;bibid=UBOS</subfield>
  </datafield>
  <datafield tag="981" ind1=" " ind2=" ">
   <subfield code="2">131</subfield>
   <subfield code="1">01</subfield>
   <subfield code="r">http://www.bibliothek.uni-regensburg.de/ezeit/?2072136&amp;bibid=UBVE</subfield>
  </datafield>
  <datafield tag="981" ind1=" " ind2=" ">
   <subfield code="2">132</subfield>
   <subfield code="1">01</subfield>
   <subfield code="r">http://www.bibliothek.uni-regensburg.de/ezeit/?2072136&amp;bibid=FHOS</subfield>
  </datafield>
  <datafield tag="981" ind1=" " ind2=" ">
   <subfield code="2">135</subfield>
   <subfield code="1">01</subfield>
   <subfield code="r">http://www.bibliothek.uni-regensburg.de/ezeit/?2072136&amp;bibid=LDA</subfield>
  </datafield>
  <datafield tag="981" ind1=" " ind2=" ">
   <subfield code="2">140</subfield>
   <subfield code="1">01</subfield>
   <subfield code="r">http://www.bibliothek.uni-regensburg.de/ezeit/?2072136&amp;bibid=FHWOE</subfield>
  </datafield>
  <datafield tag="981" ind1=" " ind2=" ">
   <subfield code="2">147</subfield>
   <subfield code="1">01</subfield>
   <subfield code="r">http://www.bibliothek.uni-regensburg.de/ezeit/?2072136&amp;bibid=HDFL</subfield>
  </datafield>
  <datafield tag="981" ind1=" " ind2=" ">
   <subfield code="2">151</subfield>
   <subfield code="1">01</subfield>
   <subfield code="r">http://www.bibliothek.uni-regensburg.de/ezeit/?2072136&amp;bibid=FHEF</subfield>
  </datafield>
  <datafield tag="981" ind1=" " ind2=" ">
   <subfield code="2">156</subfield>
   <subfield code="1">01</subfield>
   <subfield code="r">http://www.bibliothek.uni-regensburg.de/ezeit/?2072136&amp;bibid=IAI</subfield>
  </datafield>
  <datafield tag="981" ind1=" " ind2=" ">
   <subfield code="2">160</subfield>
   <subfield code="1">01</subfield>
   <subfield code="r">http://www.bibliothek.uni-regensburg.de/ezeit/?2072136&amp;bibid=FHOOW</subfield>
  </datafield>
  <datafield tag="981" ind1=" " ind2=" ">
   <subfield code="2">161</subfield>
   <subfield code="1">00</subfield>
   <subfield code="y">Zur elektronischen Zeitschrift</subfield>
   <subfield code="r">http://www.bibliothek.uni-regensburg.de/ezeit/?2072136&amp;bibid=FHH</subfield>
  </datafield>
  <datafield tag="981" ind1=" " ind2=" ">
   <subfield code="2">164</subfield>
   <subfield code="1">01</subfield>
   <subfield code="r">http://www.bibliothek.uni-regensburg.de/ezeit/?2072136&amp;bibid=FHWF</subfield>
  </datafield>
  <datafield tag="981" ind1=" " ind2=" ">
   <subfield code="2">165</subfield>
   <subfield code="1">01</subfield>
   <subfield code="r">http://www.bibliothek.uni-regensburg.de/ezeit/?2072136&amp;bibid=HBKBS</subfield>
  </datafield>
  <datafield tag="981" ind1=" " ind2=" ">
   <subfield code="2">185</subfield>
   <subfield code="1">01</subfield>
   <subfield code="r">http://www.bibliothek.uni-regensburg.de/ezeit/?2072136&amp;bibid=FHSTR</subfield>
  </datafield>
  <datafield tag="981" ind1=" " ind2=" ">
   <subfield code="2">186</subfield>
   <subfield code="1">01</subfield>
   <subfield code="r">http://www.bibliothek.uni-regensburg.de/ezeit/?2072136&amp;bibid=FHNB</subfield>
  </datafield>
  <datafield tag="981" ind1=" " ind2=" ">
   <subfield code="2">206</subfield>
   <subfield code="1">00</subfield>
   <subfield code="r">http://www.bibliothek.uni-regensburg.de/ezeit/?2072136&amp;bibid=THHFR</subfield>
  </datafield>
  <datafield tag="981" ind1=" " ind2=" ">
   <subfield code="2">209</subfield>
   <subfield code="1">01</subfield>
   <subfield code="r">http://www.bibliothek.uni-regensburg.de/ezeit/?2072136&amp;bibid=MPIL</subfield>
  </datafield>
  <datafield tag="981" ind1=" " ind2=" ">
   <subfield code="2">213</subfield>
   <subfield code="1">01</subfield>
   <subfield code="r">http://www.bibliothek.uni-regensburg.de/ezeit/?2072136&amp;bibid=HBMST</subfield>
  </datafield>
  <datafield tag="981" ind1=" " ind2=" ">
   <subfield code="2">222</subfield>
   <subfield code="1">01</subfield>
   <subfield code="r">http://www.bibliothek.uni-regensburg.de/ezeit/?2072136&amp;bibid=KIT</subfield>
  </datafield>
  <datafield tag="981" ind1=" " ind2=" ">
   <subfield code="2">222</subfield>
   <subfield code="1">01</subfield>
   <subfield code="r">http://www.iic.org/en/media/publications/annual-reports#.WL1AqEefcnU</subfield>
  </datafield>
  <datafield tag="981" ind1=" " ind2=" ">
   <subfield code="2">230</subfield>
   <subfield code="1">01</subfield>
   <subfield code="r">http://www.bibliothek.uni-regensburg.de/ezeit/?2072136&amp;bibid=HBMST</subfield>
  </datafield>
  <datafield tag="981" ind1=" " ind2=" ">
   <subfield code="2">239</subfield>
   <subfield code="1">01</subfield>
   <subfield code="r">http://www.bibliothek.uni-regensburg.de/ezeit/?2072136&amp;bibid=ICE</subfield>
  </datafield>
  <datafield tag="981" ind1=" " ind2=" ">
   <subfield code="2">249</subfield>
   <subfield code="1">01</subfield>
   <subfield code="r">http://www.bibliothek.uni-regensburg.de/ezeit/?2072136&amp;bibid=FHF</subfield>
  </datafield>
  <datafield tag="981" ind1=" " ind2=" ">
   <subfield code="2">249</subfield>
   <subfield code="1">01</subfield>
   <subfield code="r">http://www.iic.org/en/media/publications/annual-reports#.WL1AqEefcnU</subfield>
  </datafield>
  <datafield tag="981" ind1=" " ind2=" ">
   <subfield code="2">252</subfield>
   <subfield code="1">01</subfield>
   <subfield code="r">http://www.bibliothek.uni-regensburg.de/ezeit/?2072136&amp;bibid=BGVV</subfield>
  </datafield>
  <datafield tag="981" ind1=" " ind2=" ">
   <subfield code="2">264</subfield>
   <subfield code="1">01</subfield>
   <subfield code="r">http://www.bibliothek.uni-regensburg.de/ezeit/?2072136&amp;bibid=FHWOE</subfield>
  </datafield>
  <datafield tag="981" ind1=" " ind2=" ">
   <subfield code="2">285</subfield>
   <subfield code="1">00</subfield>
   <subfield code="y">EZB</subfield>
   <subfield code="r">http://www.bibliothek.uni-regensburg.de/ezeit/?2072136&amp;bibid=UBPO</subfield>
  </datafield>
  <datafield tag="981" ind1=" " ind2=" ">
   <subfield code="2">293</subfield>
   <subfield code="1">00</subfield>
   <subfield code="y">Zur elektronischen Zeitschrift</subfield>
   <subfield code="r">http://www.bibliothek.uni-regensburg.de/ezeit/?2072136&amp;bibid=FHH</subfield>
  </datafield>
  <datafield tag="981" ind1=" " ind2=" ">
   <subfield code="2">305</subfield>
   <subfield code="1">01</subfield>
   <subfield code="r">http://www.bibliothek.uni-regensburg.de/ezeit/?2072136&amp;bibid=UBM</subfield>
  </datafield>
  <datafield tag="981" ind1=" " ind2=" ">
   <subfield code="2">305</subfield>
   <subfield code="1">01</subfield>
   <subfield code="r">http://www.iic.org/en/media/publications/annual-reports#.WL1AqEefcnU</subfield>
  </datafield>
  <datafield tag="981" ind1=" " ind2=" ">
   <subfield code="2">306</subfield>
   <subfield code="1">01</subfield>
   <subfield code="r">http://www.bibliothek.uni-regensburg.de/ezeit/?2072136&amp;bibid=UBW</subfield>
  </datafield>
  <datafield tag="981" ind1=" " ind2=" ">
   <subfield code="2">306</subfield>
   <subfield code="1">01</subfield>
   <subfield code="r">http://www.iic.org/en/media/publications/annual-reports#.WL1AqEefcnU</subfield>
  </datafield>
  <datafield tag="981" ind1=" " ind2=" ">
   <subfield code="2">307</subfield>
   <subfield code="1">01</subfield>
   <subfield code="r">http://www.bibliothek.uni-regensburg.de/ezeit/?2072136&amp;bibid=TUM</subfield>
  </datafield>
  <datafield tag="981" ind1=" " ind2=" ">
   <subfield code="2">307</subfield>
   <subfield code="1">01</subfield>
   <subfield code="r">http://www.iic.org/en/media/publications/annual-reports#.WL1AqEefcnU</subfield>
  </datafield>
  <datafield tag="981" ind1=" " ind2=" ">
   <subfield code="2">313</subfield>
   <subfield code="1">01</subfield>
   <subfield code="r">http://www.bibliothek.uni-regensburg.de/ezeit/?2072136&amp;bibid=TUCB</subfield>
  </datafield>
  <datafield tag="981" ind1=" " ind2=" ">
   <subfield code="2">313</subfield>
   <subfield code="1">01</subfield>
   <subfield code="r">http://www.iic.org/en/media/publications/annual-reports#.WL1AqEefcnU</subfield>
  </datafield>
  <datafield tag="981" ind1=" " ind2=" ">
   <subfield code="2">322</subfield>
   <subfield code="1">01</subfield>
   <subfield code="r">http://www.bibliothek.uni-regensburg.de/ezeit/?2072136&amp;bibid=UBB</subfield>
  </datafield>
  <datafield tag="981" ind1=" " ind2=" ">
   <subfield code="2">322</subfield>
   <subfield code="1">01</subfield>
   <subfield code="r">http://www.iic.org/en/media/publications/annual-reports#.WL1AqEefcnU</subfield>
  </datafield>
  <datafield tag="981" ind1=" " ind2=" ">
   <subfield code="2">323</subfield>
   <subfield code="1">01</subfield>
   <subfield code="r">http://www.bibliothek.uni-regensburg.de/ezeit/?2072136&amp;bibid=UBBAY</subfield>
  </datafield>
  <datafield tag="981" ind1=" " ind2=" ">
   <subfield code="2">323</subfield>
   <subfield code="1">01</subfield>
   <subfield code="r">http://www.iic.org/en/media/publications/annual-reports#.WL1AqEefcnU</subfield>
  </datafield>
  <datafield tag="981" ind1=" " ind2=" ">
   <subfield code="2">324</subfield>
   <subfield code="1">01</subfield>
   <subfield code="r">http://www.bibliothek.uni-regensburg.de/ezeit/?2072136&amp;bibid=UBPA</subfield>
  </datafield>
  <datafield tag="981" ind1=" " ind2=" ">
   <subfield code="2">324</subfield>
   <subfield code="1">01</subfield>
   <subfield code="r">http://www.iic.org/en/media/publications/annual-reports#.WL1AqEefcnU</subfield>
  </datafield>
  <datafield tag="981" ind1=" " ind2=" ">
   <subfield code="2">325</subfield>
   <subfield code="1">01</subfield>
   <subfield code="r">http://www.bibliothek.uni-regensburg.de/ezeit/?2072136&amp;bibid=UBE</subfield>
  </datafield>
  <datafield tag="981" ind1=" " ind2=" ">
   <subfield code="2">325</subfield>
   <subfield code="1">01</subfield>
   <subfield code="r">http://www.iic.org/en/media/publications/annual-reports#.WL1AqEefcnU</subfield>
  </datafield>
  <datafield tag="981" ind1=" " ind2=" ">
   <subfield code="2">326</subfield>
   <subfield code="1">01</subfield>
   <subfield code="r">http://www.bibliothek.uni-regensburg.de/ezeit/?2072136&amp;bibid=EUV</subfield>
  </datafield>
  <datafield tag="981" ind1=" " ind2=" ">
   <subfield code="2">326</subfield>
   <subfield code="1">01</subfield>
   <subfield code="r">http://www.iic.org/en/media/publications/annual-reports#.WL1AqEefcnU</subfield>
  </datafield>
  <datafield tag="981" ind1=" " ind2=" ">
   <subfield code="2">335</subfield>
   <subfield code="1">01</subfield>
   <subfield code="r">http://www.bibliothek.uni-regensburg.de/ezeit/?2072136&amp;bibid=HTW</subfield>
  </datafield>
  <datafield tag="981" ind1=" " ind2=" ">
   <subfield code="2">335</subfield>
   <subfield code="1">01</subfield>
   <subfield code="r">http://www.iic.org/en/media/publications/annual-reports#.WL1AqEefcnU</subfield>
  </datafield>
  <datafield tag="981" ind1=" " ind2=" ">
   <subfield code="2">338</subfield>
   <subfield code="1">01</subfield>
   <subfield code="r">http://www.bibliothek.uni-regensburg.de/ezeit/?2072136&amp;bibid=FHN</subfield>
  </datafield>
  <datafield tag="981" ind1=" " ind2=" ">
   <subfield code="2">338</subfield>
   <subfield code="1">01</subfield>
   <subfield code="r">http://www.iic.org/en/media/publications/annual-reports#.WL1AqEefcnU</subfield>
  </datafield>
  <datafield tag="981" ind1=" " ind2=" ">
   <subfield code="2">358</subfield>
   <subfield code="1">01</subfield>
   <subfield code="r">http://www.bibliothek.uni-regensburg.de/ezeit/?2072136&amp;bibid=ISL</subfield>
  </datafield>
  <datafield tag="981" ind1=" " ind2=" ">
   <subfield code="2">367</subfield>
   <subfield code="1">01</subfield>
   <subfield code="r">http://www.bibliothek.uni-regensburg.de/ezeit/?2072136&amp;bibid=STABI</subfield>
  </datafield>
  <datafield tag="981" ind1=" " ind2=" ">
   <subfield code="2">367</subfield>
   <subfield code="1">01</subfield>
   <subfield code="r">http://www.iic.org/en/media/publications/annual-reports#.WL1AqEefcnU</subfield>
  </datafield>
  <datafield tag="981" ind1=" " ind2=" ">
   <subfield code="2">370</subfield>
   <subfield code="1">00</subfield>
   <subfield code="r">http://www.bibliothek.uni-regensburg.de/ezeit/?2072136&amp;bibid=HCUHH</subfield>
  </datafield>
  <datafield tag="981" ind1=" " ind2=" ">
   <subfield code="2">602</subfield>
   <subfield code="1">00</subfield>
   <subfield code="y">EZB</subfield>
   <subfield code="r">http://www.bibliothek.uni-regensburg.de/ezeit/?2072136&amp;bibid=GKSS</subfield>
  </datafield>
  <datafield tag="981" ind1=" " ind2=" ">
   <subfield code="2">635</subfield>
   <subfield code="1">01</subfield>
   <subfield code="r">http://www.bibliothek.uni-regensburg.de/ezeit/?2072136&amp;bibid=ZMO</subfield>
  </datafield>
  <datafield tag="981" ind1=" " ind2=" ">
   <subfield code="2">640</subfield>
   <subfield code="1">01</subfield>
   <subfield code="r">http://www.bibliothek.uni-regensburg.de/ezeit/?2072136&amp;bibid=HKHH</subfield>
  </datafield>
  <datafield tag="981" ind1=" " ind2=" ">
   <subfield code="2">648</subfield>
   <subfield code="1">01</subfield>
   <subfield code="r">http://www.bibliothek.uni-regensburg.de/ezeit/?2072136&amp;bibid=EBS</subfield>
  </datafield>
  <datafield tag="981" ind1=" " ind2=" ">
   <subfield code="2">685</subfield>
   <subfield code="1">01</subfield>
   <subfield code="r">http://www.bibliothek.uni-regensburg.de/ezeit/?2072136&amp;bibid=MPISR</subfield>
  </datafield>
  <datafield tag="981" ind1=" " ind2=" ">
   <subfield code="2">700</subfield>
   <subfield code="1">01</subfield>
   <subfield code="r">http://www.bibliothek.uni-regensburg.de/ezeit/?2072136&amp;bibid=UBWM</subfield>
  </datafield>
  <datafield tag="981" ind1=" " ind2=" ">
   <subfield code="2">700</subfield>
   <subfield code="1">01</subfield>
   <subfield code="r">http://www.iic.org/en/media/publications/annual-reports#.WL1AqEefcnU</subfield>
  </datafield>
  <datafield tag="981" ind1=" " ind2=" ">
   <subfield code="2">701</subfield>
   <subfield code="1">01</subfield>
   <subfield code="r">http://www.bibliothek.uni-regensburg.de/ezeit/?2072136&amp;bibid=FHBIN</subfield>
  </datafield>
  <datafield tag="981" ind1=" " ind2=" ">
   <subfield code="2">701</subfield>
   <subfield code="1">01</subfield>
   <subfield code="r">http://www.iic.org/en/media/publications/annual-reports#.WL1AqEefcnU</subfield>
  </datafield>
  <datafield tag="981" ind1=" " ind2=" ">
   <subfield code="2">701</subfield>
   <subfield code="1">02</subfield>
   <subfield code="r">http://www.bibliothek.uni-regensburg.de/ezeit/?2072136&amp;bibid=FHBCO</subfield>
  </datafield>
  <datafield tag="981" ind1=" " ind2=" ">
   <subfield code="2">701</subfield>
   <subfield code="1">02</subfield>
   <subfield code="r">http://www.iic.org/en/media/publications/annual-reports#.WL1AqEefcnU</subfield>
  </datafield>
  <datafield tag="981" ind1=" " ind2=" ">
   <subfield code="2">701</subfield>
   <subfield code="1">03</subfield>
   <subfield code="r">http://www.bibliothek.uni-regensburg.de/ezeit/?2072136&amp;bibid=FHBKA</subfield>
  </datafield>
  <datafield tag="981" ind1=" " ind2=" ">
   <subfield code="2">701</subfield>
   <subfield code="1">03</subfield>
   <subfield code="r">http://www.iic.org/en/media/publications/annual-reports#.WL1AqEefcnU</subfield>
  </datafield>
  <datafield tag="981" ind1=" " ind2=" ">
   <subfield code="2">701</subfield>
   <subfield code="1">04</subfield>
   <subfield code="r">http://www.bibliothek.uni-regensburg.de/ezeit/?2072136&amp;bibid=FHBRO</subfield>
  </datafield>
  <datafield tag="981" ind1=" " ind2=" ">
   <subfield code="2">701</subfield>
   <subfield code="1">04</subfield>
   <subfield code="r">http://www.iic.org/en/media/publications/annual-reports#.WL1AqEefcnU</subfield>
  </datafield>
  <datafield tag="981" ind1=" " ind2=" ">
   <subfield code="2">701</subfield>
   <subfield code="1">05</subfield>
   <subfield code="r">http://www.bibliothek.uni-regensburg.de/ezeit/?2072136&amp;bibid=FHBR</subfield>
  </datafield>
  <datafield tag="981" ind1=" " ind2=" ">
   <subfield code="2">701</subfield>
   <subfield code="1">05</subfield>
   <subfield code="r">http://www.iic.org/en/media/publications/annual-reports#.WL1AqEefcnU</subfield>
  </datafield>
  <datafield tag="981" ind1=" " ind2=" ">
   <subfield code="2">701</subfield>
   <subfield code="1">06</subfield>
   <subfield code="r">http://www.bibliothek.uni-regensburg.de/ezeit/?2072136&amp;bibid=FHBAW</subfield>
  </datafield>
  <datafield tag="981" ind1=" " ind2=" ">
   <subfield code="2">701</subfield>
   <subfield code="1">06</subfield>
   <subfield code="r">http://www.iic.org/en/media/publications/annual-reports#.WL1AqEefcnU</subfield>
  </datafield>
  <datafield tag="981" ind1=" " ind2=" ">
   <subfield code="2">701</subfield>
   <subfield code="1">07</subfield>
   <subfield code="r">http://www.bibliothek.uni-regensburg.de/ezeit/?2072136&amp;bibid=FHBNU</subfield>
  </datafield>
  <datafield tag="981" ind1=" " ind2=" ">
   <subfield code="2">701</subfield>
   <subfield code="1">07</subfield>
   <subfield code="r">http://www.iic.org/en/media/publications/annual-reports#.WL1AqEefcnU</subfield>
  </datafield>
  <datafield tag="981" ind1=" " ind2=" ">
   <subfield code="2">701</subfield>
   <subfield code="1">08</subfield>
   <subfield code="r">http://www.bibliothek.uni-regensburg.de/ezeit/?2072136&amp;bibid=FHM</subfield>
  </datafield>
  <datafield tag="981" ind1=" " ind2=" ">
   <subfield code="2">701</subfield>
   <subfield code="1">08</subfield>
   <subfield code="r">http://www.iic.org/en/media/publications/annual-reports#.WL1AqEefcnU</subfield>
  </datafield>
  <datafield tag="981" ind1=" " ind2=" ">
   <subfield code="2">752</subfield>
   <subfield code="1">01</subfield>
   <subfield code="r">http://www.bibliothek.uni-regensburg.de/ezeit/?2072136&amp;bibid=MPIPL</subfield>
  </datafield>
  <datafield tag="981" ind1=" " ind2=" ">
   <subfield code="2">754</subfield>
   <subfield code="1">01</subfield>
   <subfield code="r">http://www.bibliothek.uni-regensburg.de/ezeit/?2072136&amp;bibid=MPIBF</subfield>
  </datafield>
  <datafield tag="982" ind1=" " ind2=" ">
   <subfield code="2">156</subfield>
   <subfield code="1">01</subfield>
   <subfield code="8">00</subfield>
   <subfield code="a">!396741320!|s| Banken</subfield>
  </datafield>
  <datafield tag="982" ind1=" " ind2=" ">
   <subfield code="2">156</subfield>
   <subfield code="1">01</subfield>
   <subfield code="8">01</subfield>
   <subfield code="a">!396816223!|s| Finanzen</subfield>
  </datafield>
  <datafield tag="982" ind1=" " ind2=" ">
   <subfield code="2">156</subfield>
   <subfield code="1">01</subfield>
   <subfield code="8">02</subfield>
   <subfield code="a">!396720633!|g| Lateinamerika</subfield>
  </datafield>
  <datafield tag="982" ind1=" " ind2=" ">
   <subfield code="2">156</subfield>
   <subfield code="1">01</subfield>
   <subfield code="8">10</subfield>
   <subfield code="0">(DE-601)618841695</subfield>
   <subfield code="a">Elektronische Zeitschriften</subfield>
  </datafield>
  <datafield tag="995" ind1=" " ind2=" ">
   <subfield code="2">20</subfield>
   <subfield code="1">01</subfield>
   <subfield code="a">OLR-EZB</subfield>
  </datafield>
  <datafield tag="995" ind1=" " ind2=" ">
   <subfield code="2">22</subfield>
   <subfield code="1">01</subfield>
   <subfield code="a">olr-ezb</subfield>
  </datafield>
  <datafield tag="995" ind1=" " ind2=" ">
   <subfield code="2">23</subfield>
   <subfield code="1">01</subfield>
   <subfield code="a">olr-ezb</subfield>
  </datafield>
  <datafield tag="995" ind1=" " ind2=" ">
   <subfield code="2">24</subfield>
   <subfield code="1">01</subfield>
   <subfield code="a">OLR-EZB</subfield>
  </datafield>
  <datafield tag="995" ind1=" " ind2=" ">
   <subfield code="2">30</subfield>
   <subfield code="1">01</subfield>
   <subfield code="a">OLR-EZB</subfield>
  </datafield>
  <datafield tag="995" ind1=" " ind2=" ">
   <subfield code="2">34</subfield>
   <subfield code="1">01</subfield>
   <subfield code="a">OLR-EZB</subfield>
  </datafield>
  <datafield tag="995" ind1=" " ind2=" ">
   <subfield code="2">40</subfield>
   <subfield code="1">02</subfield>
   <subfield code="a">olr-ezb</subfield>
  </datafield>
  <datafield tag="995" ind1=" " ind2=" ">
   <subfield code="2">60</subfield>
   <subfield code="1">01</subfield>
   <subfield code="a">OLR-EZB</subfield>
  </datafield>
  <datafield tag="995" ind1=" " ind2=" ">
   <subfield code="2">63</subfield>
   <subfield code="1">01</subfield>
   <subfield code="a">OLR-EZB</subfield>
  </datafield>
  <datafield tag="995" ind1=" " ind2=" ">
   <subfield code="2">65</subfield>
   <subfield code="1">01</subfield>
   <subfield code="a">OLR-EZB</subfield>
  </datafield>
  <datafield tag="995" ind1=" " ind2=" ">
   <subfield code="2">66</subfield>
   <subfield code="1">01</subfield>
   <subfield code="a">OLR-EZB</subfield>
  </datafield>
  <datafield tag="995" ind1=" " ind2=" ">
   <subfield code="2">70</subfield>
   <subfield code="1">02</subfield>
   <subfield code="a">OLR-EZB</subfield>
  </datafield>
  <datafield tag="995" ind1=" " ind2=" ">
   <subfield code="2">72</subfield>
   <subfield code="1">01</subfield>
   <subfield code="a">OLR-EZB</subfield>
  </datafield>
  <datafield tag="995" ind1=" " ind2=" ">
   <subfield code="2">73</subfield>
   <subfield code="1">01</subfield>
   <subfield code="a">OLR-EZB</subfield>
  </datafield>
  <datafield tag="995" ind1=" " ind2=" ">
   <subfield code="2">91</subfield>
   <subfield code="1">01</subfield>
   <subfield code="a">OLR-EZB</subfield>
  </datafield>
  <datafield tag="995" ind1=" " ind2=" ">
   <subfield code="2">95</subfield>
   <subfield code="1">01</subfield>
   <subfield code="a">OLR-EZB</subfield>
  </datafield>
  <datafield tag="995" ind1=" " ind2=" ">
   <subfield code="2">110</subfield>
   <subfield code="1">01</subfield>
   <subfield code="a">OLR-EZB</subfield>
  </datafield>
  <datafield tag="995" ind1=" " ind2=" ">
   <subfield code="2">118</subfield>
   <subfield code="1">01</subfield>
   <subfield code="a">OLR-EZB</subfield>
  </datafield>
  <datafield tag="995" ind1=" " ind2=" ">
   <subfield code="2">122</subfield>
   <subfield code="1">01</subfield>
   <subfield code="a">OLR-EZB</subfield>
  </datafield>
  <datafield tag="995" ind1=" " ind2=" ">
   <subfield code="2">130</subfield>
   <subfield code="1">01</subfield>
   <subfield code="a">OLR-EZB</subfield>
  </datafield>
  <datafield tag="995" ind1=" " ind2=" ">
   <subfield code="2">131</subfield>
   <subfield code="1">01</subfield>
   <subfield code="a">OLR-EZB</subfield>
  </datafield>
  <datafield tag="995" ind1=" " ind2=" ">
   <subfield code="2">132</subfield>
   <subfield code="1">01</subfield>
   <subfield code="a">OLR-EZB</subfield>
  </datafield>
  <datafield tag="995" ind1=" " ind2=" ">
   <subfield code="2">135</subfield>
   <subfield code="1">01</subfield>
   <subfield code="a">OLR-EZB</subfield>
  </datafield>
  <datafield tag="995" ind1=" " ind2=" ">
   <subfield code="2">140</subfield>
   <subfield code="1">01</subfield>
   <subfield code="a">OLR-EZB</subfield>
  </datafield>
  <datafield tag="995" ind1=" " ind2=" ">
   <subfield code="2">147</subfield>
   <subfield code="1">01</subfield>
   <subfield code="a">OLR-EZB</subfield>
  </datafield>
  <datafield tag="995" ind1=" " ind2=" ">
   <subfield code="2">151</subfield>
   <subfield code="1">01</subfield>
   <subfield code="a">OLR-EZB</subfield>
  </datafield>
  <datafield tag="995" ind1=" " ind2=" ">
   <subfield code="2">156</subfield>
   <subfield code="1">01</subfield>
   <subfield code="a">OLR-EZB</subfield>
  </datafield>
  <datafield tag="995" ind1=" " ind2=" ">
   <subfield code="2">160</subfield>
   <subfield code="1">01</subfield>
   <subfield code="a">OLR-EZB</subfield>
  </datafield>
  <datafield tag="995" ind1=" " ind2=" ">
   <subfield code="2">161</subfield>
   <subfield code="1">01</subfield>
   <subfield code="a">OLR-EZB</subfield>
  </datafield>
  <datafield tag="995" ind1=" " ind2=" ">
   <subfield code="2">164</subfield>
   <subfield code="1">01</subfield>
   <subfield code="a">OLR-EZB</subfield>
  </datafield>
  <datafield tag="995" ind1=" " ind2=" ">
   <subfield code="2">165</subfield>
   <subfield code="1">01</subfield>
   <subfield code="a">OLR-EZB</subfield>
  </datafield>
  <datafield tag="995" ind1=" " ind2=" ">
   <subfield code="2">185</subfield>
   <subfield code="1">01</subfield>
   <subfield code="a">OLR-EZB</subfield>
  </datafield>
  <datafield tag="995" ind1=" " ind2=" ">
   <subfield code="2">186</subfield>
   <subfield code="1">01</subfield>
   <subfield code="a">OLR-EZB</subfield>
  </datafield>
  <datafield tag="995" ind1=" " ind2=" ">
   <subfield code="2">206</subfield>
   <subfield code="1">01</subfield>
   <subfield code="a">OLR-EZB</subfield>
  </datafield>
  <datafield tag="995" ind1=" " ind2=" ">
   <subfield code="2">209</subfield>
   <subfield code="1">01</subfield>
   <subfield code="a">OLR-EZB</subfield>
  </datafield>
  <datafield tag="995" ind1=" " ind2=" ">
   <subfield code="2">213</subfield>
   <subfield code="1">01</subfield>
   <subfield code="a">OLR-EZB</subfield>
  </datafield>
  <datafield tag="995" ind1=" " ind2=" ">
   <subfield code="2">230</subfield>
   <subfield code="1">01</subfield>
   <subfield code="a">OLR-EZB</subfield>
  </datafield>
  <datafield tag="995" ind1=" " ind2=" ">
   <subfield code="2">239</subfield>
   <subfield code="1">01</subfield>
   <subfield code="a">OLR-EZB</subfield>
  </datafield>
  <datafield tag="995" ind1=" " ind2=" ">
   <subfield code="2">252</subfield>
   <subfield code="1">01</subfield>
   <subfield code="a">OLR-EZB</subfield>
  </datafield>
  <datafield tag="995" ind1=" " ind2=" ">
   <subfield code="2">264</subfield>
   <subfield code="1">01</subfield>
   <subfield code="a">OLR-EZB</subfield>
  </datafield>
  <datafield tag="995" ind1=" " ind2=" ">
   <subfield code="2">285</subfield>
   <subfield code="1">01</subfield>
   <subfield code="a">OLR-EZB</subfield>
  </datafield>
  <datafield tag="995" ind1=" " ind2=" ">
   <subfield code="2">293</subfield>
   <subfield code="1">01</subfield>
   <subfield code="a">OLR-EZB</subfield>
  </datafield>
  <datafield tag="995" ind1=" " ind2=" ">
   <subfield code="2">358</subfield>
   <subfield code="1">01</subfield>
   <subfield code="a">OLR-EZB</subfield>
  </datafield>
  <datafield tag="995" ind1=" " ind2=" ">
   <subfield code="2">370</subfield>
   <subfield code="1">01</subfield>
   <subfield code="a">olr-ezb</subfield>
  </datafield>
  <datafield tag="995" ind1=" " ind2=" ">
   <subfield code="2">602</subfield>
   <subfield code="1">01</subfield>
   <subfield code="a">OLR-EZB</subfield>
  </datafield>
  <datafield tag="995" ind1=" " ind2=" ">
   <subfield code="2">635</subfield>
   <subfield code="1">01</subfield>
   <subfield code="a">OLR-EZB</subfield>
  </datafield>
  <datafield tag="995" ind1=" " ind2=" ">
   <subfield code="2">640</subfield>
   <subfield code="1">01</subfield>
   <subfield code="a">OLR-EZB</subfield>
  </datafield>
  <datafield tag="995" ind1=" " ind2=" ">
   <subfield code="2">648</subfield>
   <subfield code="1">01</subfield>
   <subfield code="a">OLR-EZB</subfield>
  </datafield>
  <datafield tag="995" ind1=" " ind2=" ">
   <subfield code="2">685</subfield>
   <subfield code="1">01</subfield>
   <subfield code="a">OLR-EZB</subfield>
  </datafield>
  <datafield tag="995" ind1=" " ind2=" ">
   <subfield code="2">752</subfield>
   <subfield code="1">01</subfield>
   <subfield code="a">OLR-EZB</subfield>
  </datafield>
  <datafield tag="995" ind1=" " ind2=" ">
   <subfield code="2">754</subfield>
   <subfield code="1">01</subfield>
   <subfield code="a">OLR-EZB</subfield>
  </datafield>
 <format>eJournal</format></record>