


<record xmlns:xsi="http://www.w3.org/2001/XMLSchema-instance" xmlns="http://www.loc.gov/MARC21/slim" xsi:schemaLocation="http://www.loc.gov/MARC21/slim http://www.loc.gov/standards/marcxml/schema/MARC21slim.xsd" type="Bibliographic">
  <leader>04366nma a2200805 c 4500</leader>
  <controlfield tag="001">NLM273748033</controlfield>
  <controlfield tag="003">DE-601</controlfield>
  <controlfield tag="005">20190309234828.0</controlfield>
  <controlfield tag="007">cr uuu---uuuuu</controlfield>
  <controlfield tag="008">180206s2018                  000 0 eng d</controlfield>
  <datafield tag="024" ind1="7" ind2=" ">
   <subfield code="a">10.1111/tbj.12854</subfield>
   <subfield code="2">doi</subfield>
  </datafield>
  <datafield tag="028" ind1="5" ind2="2">
   <subfield code="a">pubmed19n1082.xml</subfield>
  </datafield>
  <datafield tag="035" ind1=" " ind2=" ">
   <subfield code="a">(DE-599)NLM28707718</subfield>
  </datafield>
  <datafield tag="040" ind1=" " ind2=" ">
   <subfield code="b">ger</subfield>
   <subfield code="c">GBVCP</subfield>
  </datafield>
  <datafield tag="041" ind1="0" ind2=" ">
   <subfield code="a">eng</subfield>
  </datafield>
  <datafield tag="100" ind1="1" ind2=" ">
   <subfield code="a">Da Silva, Monica</subfield>
   <subfield code="e">verfasserin</subfield>
   <subfield code="4">aut</subfield>
  </datafield>
  <datafield tag="245" ind1="1" ind2="0">
   <subfield code="a">Bracketed radioactive seed localization vs bracketed wire-localization in breast surgery</subfield>
   <subfield code="h">Elektronische Ressource</subfield>
  </datafield>
  <datafield tag="300" ind1=" " ind2=" ">
   <subfield code="a">Online-Ressource</subfield>
  </datafield>
  <datafield tag="500" ind1=" " ind2=" ">
   <subfield code="a">Date Completed 07.03.2019</subfield>
  </datafield>
  <datafield tag="500" ind1=" " ind2=" ">
   <subfield code="a">Date Revised 07.03.2019</subfield>
  </datafield>
  <datafield tag="500" ind1=" " ind2=" ">
   <subfield code="a">published: Print-Electronic</subfield>
  </datafield>
  <datafield tag="500" ind1=" " ind2=" ">
   <subfield code="a">Citation Status MEDLINE</subfield>
  </datafield>
  <datafield tag="500" ind1=" " ind2=" ">
   <subfield code="a">Copyright: From MEDLINE&#xAE;/PubMed&#xAE;, a database of the U.S. National Library of Medicine</subfield>
  </datafield>
  <datafield tag="520" ind1=" " ind2=" ">
   <subfield code="a">&#xA9; 2017 Wiley Periodicals, Inc.</subfield>
  </datafield>
  <datafield tag="520" ind1=" " ind2=" ">
   <subfield code="a">Multiple localizers placed in a bracketed fashion facilitates excision of radiographically extensive breast lesions. In this study, bracketed radioactive seed localization (bRSL) was compared to bracketed wire localization (bWL). We hypothesized that bRSL would achieve adequate margins and decrease re-operation rates with similar or less specimen volumes (SV) than bWL. Retrospective review identified patients who underwent bracketed breast procedures at an academic medical center. Data collected included patient demographics, tumor features, treatment variables, and surgical outcomes. Wilcoxon rank-sum test and chi-square test were used to compare continuous and categorical data, respectively. A multivariable logistic regression model was used to evaluate the association between re-excision and localization technique after adjusting for clinically relevant variables. Patients who underwent bWL were 3.9 times more likely to undergo re-excision compared to patients in bRSL group (OR=3.9, 95% CI: 2.0-7.4). Initial and total SV did not significantly differ between the two groups (P=.4). Patients were significantly more likely to undergo a mastectomy in the bWL group than in the bRSL group (24% vs 7%; P&lt;.01). For patients undergoing excision of radiologically extensive breast lesions, bRSL serves as an alternative to bWL. In this retrospective study, bRSL was associated with a decreased re-excision rate with similar SV and a lower rate of mastectomy when compared to bWL</subfield>
  </datafield>
  <datafield tag="611" ind1="2" ind2="7">
   <subfield code="a">Journal Article</subfield>
   <subfield code="2">gnd</subfield>
  </datafield>
  <datafield tag="653" ind1=" " ind2="2">
   <subfield code="a">Aged</subfield>
   <subfield code="6">D000368</subfield>
  </datafield>
  <datafield tag="653" ind1=" " ind2="2">
   <subfield code="a">Breast Neoplasms</subfield>
   <subfield code="6">D001943</subfield>
   <subfield code="a">pathology</subfield>
   <subfield code="6">Q000473</subfield>
   <subfield code="a">*surgery</subfield>
   <subfield code="6">Q000601</subfield>
  </datafield>
  <datafield tag="653" ind1=" " ind2="2">
   <subfield code="a">Chi-Square Distribution</subfield>
   <subfield code="6">D016009</subfield>
  </datafield>
  <datafield tag="653" ind1=" " ind2="2">
   <subfield code="a">Female</subfield>
   <subfield code="6">D005260</subfield>
  </datafield>
  <datafield tag="653" ind1=" " ind2="2">
   <subfield code="a">*Fiducial Markers</subfield>
   <subfield code="6">D057918</subfield>
  </datafield>
  <datafield tag="653" ind1=" " ind2="2">
   <subfield code="a">Humans</subfield>
   <subfield code="6">D006801</subfield>
  </datafield>
  <datafield tag="653" ind1=" " ind2="2">
   <subfield code="a">Logistic Models</subfield>
   <subfield code="6">D016015</subfield>
  </datafield>
  <datafield tag="653" ind1=" " ind2="2">
   <subfield code="a">Margins of Excision</subfield>
   <subfield code="6">D000072662</subfield>
  </datafield>
  <datafield tag="653" ind1=" " ind2="2">
   <subfield code="a">Mastectomy, Segmental</subfield>
   <subfield code="6">D015412</subfield>
   <subfield code="a">*methods</subfield>
   <subfield code="6">Q000379</subfield>
  </datafield>
  <datafield tag="653" ind1=" " ind2="2">
   <subfield code="a">Middle Aged</subfield>
   <subfield code="6">D008875</subfield>
  </datafield>
  <datafield tag="653" ind1=" " ind2="2">
   <subfield code="a">Retrospective Studies</subfield>
   <subfield code="6">D012189</subfield>
  </datafield>
  <datafield tag="653" ind1=" " ind2="2">
   <subfield code="a">Statistics, Nonparametric</subfield>
   <subfield code="6">D018709</subfield>
  </datafield>
  <datafield tag="655" ind1=" " ind2="7">
   <subfield code="a">bracketed localization</subfield>
   <subfield code="2">gnd</subfield>
  </datafield>
  <datafield tag="655" ind1=" " ind2="7">
   <subfield code="a">breast</subfield>
   <subfield code="2">gnd</subfield>
  </datafield>
  <datafield tag="655" ind1=" " ind2="7">
   <subfield code="a">radioactive seed localization</subfield>
   <subfield code="2">gnd</subfield>
  </datafield>
  <datafield tag="655" ind1=" " ind2="7">
   <subfield code="a">re-excision</subfield>
   <subfield code="2">gnd</subfield>
  </datafield>
  <datafield tag="655" ind1=" " ind2="7">
   <subfield code="a">wire localization</subfield>
   <subfield code="2">gnd</subfield>
  </datafield>
  <datafield tag="689" ind1="0" ind2="0">
   <subfield code="A">f</subfield>
   <subfield code="a">Journal Article</subfield>
  </datafield>
  <datafield tag="689" ind1="0" ind2=" ">
   <subfield code="5">DE-601</subfield>
  </datafield>
  <datafield tag="689" ind1="1" ind2="0">
   <subfield code="a">bracketed localization</subfield>
  </datafield>
  <datafield tag="689" ind1="1" ind2="1">
   <subfield code="a">breast</subfield>
  </datafield>
  <datafield tag="689" ind1="1" ind2="2">
   <subfield code="a">radioactive seed localization</subfield>
  </datafield>
  <datafield tag="689" ind1="1" ind2="3">
   <subfield code="a">re-excision</subfield>
  </datafield>
  <datafield tag="689" ind1="1" ind2="4">
   <subfield code="a">wire localization</subfield>
  </datafield>
  <datafield tag="689" ind1="1" ind2=" ">
   <subfield code="5">DE-601</subfield>
  </datafield>
  <datafield tag="700" ind1="1" ind2=" ">
   <subfield code="a">Porembka, Jessica</subfield>
   <subfield code="e">verfasserin</subfield>
   <subfield code="4">aut</subfield>
  </datafield>
  <datafield tag="700" ind1="1" ind2=" ">
   <subfield code="a">Mokdad, Ali A</subfield>
   <subfield code="e">verfasserin</subfield>
   <subfield code="4">aut</subfield>
  </datafield>
  <datafield tag="700" ind1="1" ind2=" ">
   <subfield code="a">Seiler, Stephen</subfield>
   <subfield code="e">verfasserin</subfield>
   <subfield code="4">aut</subfield>
  </datafield>
  <datafield tag="700" ind1="1" ind2=" ">
   <subfield code="a">Huth, James</subfield>
   <subfield code="e">verfasserin</subfield>
   <subfield code="4">aut</subfield>
  </datafield>
  <datafield tag="700" ind1="1" ind2=" ">
   <subfield code="a">Rivers, Aeisha</subfield>
   <subfield code="e">verfasserin</subfield>
   <subfield code="4">aut</subfield>
  </datafield>
  <datafield tag="700" ind1="1" ind2=" ">
   <subfield code="a">Wooldridge, Rachel</subfield>
   <subfield code="e">verfasserin</subfield>
   <subfield code="4">aut</subfield>
  </datafield>
  <datafield tag="700" ind1="1" ind2=" ">
   <subfield code="a">Chu, Amanda</subfield>
   <subfield code="e">verfasserin</subfield>
   <subfield code="4">aut</subfield>
  </datafield>
  <datafield tag="700" ind1="1" ind2=" ">
   <subfield code="a">Brown, Emily</subfield>
   <subfield code="e">verfasserin</subfield>
   <subfield code="4">aut</subfield>
  </datafield>
  <datafield tag="700" ind1="1" ind2=" ">
   <subfield code="a">Bao, Jean</subfield>
   <subfield code="e">verfasserin</subfield>
   <subfield code="4">aut</subfield>
  </datafield>
  <datafield tag="700" ind1="1" ind2=" ">
   <subfield code="a">Farr, Deborah</subfield>
   <subfield code="e">verfasserin</subfield>
   <subfield code="4">aut</subfield>
  </datafield>
  <datafield tag="700" ind1="1" ind2=" ">
   <subfield code="a">Hansen, Meghan</subfield>
   <subfield code="e">verfasserin</subfield>
   <subfield code="4">aut</subfield>
  </datafield>
  <datafield tag="700" ind1="1" ind2=" ">
   <subfield code="a">Unzeitig-Barron, Alison</subfield>
   <subfield code="e">verfasserin</subfield>
   <subfield code="4">aut</subfield>
  </datafield>
  <datafield tag="700" ind1="1" ind2=" ">
   <subfield code="a">Leitch, Marilyn</subfield>
   <subfield code="e">verfasserin</subfield>
   <subfield code="4">aut</subfield>
  </datafield>
  <datafield tag="700" ind1="1" ind2=" ">
   <subfield code="a">Rao, Roshni</subfield>
   <subfield code="e">verfasserin</subfield>
   <subfield code="4">aut</subfield>
  </datafield>
  <datafield tag="773" ind1="0" ind2="8">
   <subfield code="i">in</subfield>
   <subfield code="t">The breast journal</subfield>
   <subfield code="g">Vol. 24, No. 2 (2018), p. 161-166</subfield>
   <subfield code="q">24:2&lt;161-166</subfield>
   <subfield code="w">(DE-601)NLM094475512</subfield>
   <subfield code="x">1524-4741</subfield>
  </datafield>
  <datafield tag="856" ind1="4" ind2="1">
   <subfield code="u">http://dx.doi.org/10.1111/tbj.12854</subfield>
   <subfield code="3">Volltext</subfield>
  </datafield>
  <datafield tag="912" ind1=" " ind2=" ">
   <subfield code="a">GBV_NLM</subfield>
  </datafield>
  <datafield tag="951" ind1=" " ind2=" ">
   <subfield code="a">AR</subfield>
  </datafield>
  <datafield tag="952" ind1=" " ind2=" ">
   <subfield code="d">24</subfield>
   <subfield code="j">2018</subfield>
   <subfield code="e">2</subfield>
   <subfield code="c">00</subfield>
   <subfield code="h">161-166</subfield>
  </datafield>
 <format>electronic Article</format></record>