


<record xmlns:xsi="http://www.w3.org/2001/XMLSchema-instance" xmlns="http://www.loc.gov/MARC21/slim" xsi:schemaLocation="http://www.loc.gov/MARC21/slim http://www.loc.gov/standards/marcxml/schema/MARC21slim.xsd" type="Bibliographic">
  <leader>01595naa a2200409 c 4500</leader>
  <controlfield tag="001">199957222X</controlfield>
  <controlfield tag="003">DE-601</controlfield>
  <controlfield tag="005">20171228202358.0</controlfield>
  <controlfield tag="008">171228s2017                  000 0 eng d</controlfield>
  <datafield tag="016" ind1="7" ind2=" ">
   <subfield code="a">20968061</subfield>
   <subfield code="2">DE-600</subfield>
  </datafield>
  <datafield tag="024" ind1="7" ind2=" ">
   <subfield code="a">10.1016/j.simpat.2017.07.002</subfield>
   <subfield code="2">doi</subfield>
  </datafield>
  <datafield tag="028" ind1="5" ind2="2">
   <subfield code="a">PQ20171228</subfield>
  </datafield>
  <datafield tag="035" ind1=" " ind2=" ">
   <subfield code="a">e1276-9b74eafa1b96bffced64d4c587f8f6abfb9b5130657009fa505c2c3b84985570</subfield>
  </datafield>
  <datafield tag="035" ind1=" " ind2=" ">
   <subfield code="a">0231650120170000077000000350cognitivepedestrianbehaviormodelforexploratorynavi</subfield>
  </datafield>
  <datafield tag="040" ind1=" " ind2=" ">
   <subfield code="b">ger</subfield>
   <subfield code="c">GBVCP</subfield>
  </datafield>
  <datafield tag="041" ind1="0" ind2=" ">
   <subfield code="a">eng</subfield>
  </datafield>
  <datafield tag="082" ind1="0" ind2="9">
   <subfield code="a">530</subfield>
   <subfield code="a">510</subfield>
  </datafield>
  <datafield tag="084" ind1=" " ind2=" ">
   <subfield code="a">phy</subfield>
   <subfield code="a">che</subfield>
   <subfield code="a">mat</subfield>
   <subfield code="2">natliz</subfield>
  </datafield>
  <datafield tag="245" ind1="0" ind2="2">
   <subfield code="a">A cognitive pedestrian behavior model for exploratory navigation: Visibility graph based heuristics approach</subfield>
  </datafield>
  <datafield tag="500" ind1=" " ind2=" ">
   <subfield code="a">Copyright: &#xA9; Elsevier B.V.</subfield>
  </datafield>
  <datafield tag="700" ind1="1" ind2=" ">
   <subfield code="a">Wang, W.L</subfield>
  </datafield>
  <datafield tag="700" ind1="1" ind2=" ">
   <subfield code="a">Lo, S.M</subfield>
  </datafield>
  <datafield tag="700" ind1="1" ind2=" ">
   <subfield code="a">Liu, S.B</subfield>
  </datafield>
  <datafield tag="773" ind1="0" ind2="8">
   <subfield code="i">in</subfield>
   <subfield code="t">Simulation modelling practice and theory : international journal of the Federation of European Simulation Societies</subfield>
   <subfield code="d">Amsterdam [u.a.] : Elsevier</subfield>
   <subfield code="g">Vol. 77 (2017), p. 350-366</subfield>
   <subfield code="q">77&lt;350-366</subfield>
   <subfield code="w">(DE-601)358260434</subfield>
   <subfield code="x">1569-190X</subfield>
  </datafield>
  <datafield tag="856" ind1="4" ind2="1">
   <subfield code="u">http://dx.doi.org/10.1016/j.simpat.2017.07.002</subfield>
   <subfield code="3">Volltext</subfield>
  </datafield>
  <datafield tag="856" ind1="4" ind2="2">
   <subfield code="u">https://www.sciencedirect.com/science/article/pii/S1569190X17301077</subfield>
  </datafield>
  <datafield tag="901" ind1=" " ind2=" ">
   <subfield code="a">OLC</subfield>
  </datafield>
  <datafield tag="912" ind1=" " ind2=" ">
   <subfield code="a">SYSFLAG_A</subfield>
  </datafield>
  <datafield tag="912" ind1=" " ind2=" ">
   <subfield code="a">GBV_OLC</subfield>
  </datafield>
  <datafield tag="912" ind1=" " ind2=" ">
   <subfield code="a">SSG-OLC-PHY</subfield>
  </datafield>
  <datafield tag="912" ind1=" " ind2=" ">
   <subfield code="a">SSG-OLC-CHE</subfield>
  </datafield>
  <datafield tag="912" ind1=" " ind2=" ">
   <subfield code="a">SSG-OLC-MAT</subfield>
  </datafield>
  <datafield tag="912" ind1=" " ind2=" ">
   <subfield code="a">GBV_ILN_70</subfield>
  </datafield>
  <datafield tag="912" ind1=" " ind2=" ">
   <subfield code="a">GBV_ILN_136</subfield>
  </datafield>
  <datafield tag="950" ind1=" " ind2=" ">
   <subfield code="a">Section-and-portal graph</subfield>
   <subfield code="a">Natural movement</subfield>
   <subfield code="a">Visibility graph analysis</subfield>
   <subfield code="a">Exploratory navigation</subfield>
   <subfield code="a">Pedestrian behavior model</subfield>
   <subfield code="2">DE-601</subfield>
  </datafield>
  <datafield tag="951" ind1=" " ind2=" ">
   <subfield code="a">AR</subfield>
  </datafield>
  <datafield tag="952" ind1=" " ind2=" ">
   <subfield code="d">77</subfield>
   <subfield code="j">2017</subfield>
   <subfield code="h">350-366</subfield>
  </datafield>
 <format>Article</format></record>