


<record xmlns:xsi="http://www.w3.org/2001/XMLSchema-instance" xmlns="http://www.loc.gov/MARC21/slim" xsi:schemaLocation="http://www.loc.gov/MARC21/slim http://www.loc.gov/standards/marcxml/schema/MARC21slim.xsd" type="Bibliographic">
  <leader>08730nmm a2201333 c 4500</leader>
  <controlfield tag="001">684453940</controlfield>
  <controlfield tag="003">DE-601</controlfield>
  <controlfield tag="005">20181005124425.0</controlfield>
  <controlfield tag="007">cr uuu---uuuuu</controlfield>
  <controlfield tag="008">120131s2012    sz      o     000 0 eng d</controlfield>
  <datafield tag="020" ind1=" " ind2=" ">
   <subfield code="a">9783805596183</subfield>
   <subfield code="9">978-3-8055-9618-3</subfield>
  </datafield>
  <datafield tag="020" ind1=" " ind2=" ">
   <subfield code="a">9783805596176 (print)</subfield>
   <subfield code="9">978-3-8055-9617-6</subfield>
  </datafield>
  <datafield tag="024" ind1="7" ind2=" ">
   <subfield code="a">10.1159/isbn.978-3-8055-9618-3</subfield>
   <subfield code="2">doi</subfield>
  </datafield>
  <datafield tag="035" ind1=" " ind2=" ">
   <subfield code="a">(OCoLC)838897106</subfield>
  </datafield>
  <datafield tag="035" ind1=" " ind2=" ">
   <subfield code="a">ebr10568698</subfield>
  </datafield>
  <datafield tag="035" ind1=" " ind2=" ">
   <subfield code="a">(OCoLC)ocn781947792</subfield>
  </datafield>
  <datafield tag="035" ind1=" " ind2=" ">
   <subfield code="a">(OCoLC)781947792</subfield>
  </datafield>
  <datafield tag="035" ind1=" " ind2=" ">
   <subfield code="a">255494</subfield>
  </datafield>
  <datafield tag="035" ind1=" " ind2=" ">
   <subfield code="a">(DE-599)GBV684453940</subfield>
  </datafield>
  <datafield tag="040" ind1=" " ind2=" ">
   <subfield code="b">ger</subfield>
   <subfield code="c">GBVCP</subfield>
   <subfield code="e">rda</subfield>
  </datafield>
  <datafield tag="041" ind1="0" ind2=" ">
   <subfield code="a">eng</subfield>
  </datafield>
  <datafield tag="044" ind1=" " ind2=" ">
   <subfield code="a">sz</subfield>
   <subfield code="a">gw</subfield>
   <subfield code="a">fr</subfield>
  </datafield>
  <datafield tag="050" ind1=" " ind2="0">
   <subfield code="a">RC280.B7</subfield>
  </datafield>
  <datafield tag="060" ind1=" " ind2="0">
   <subfield code="a">WL 358</subfield>
  </datafield>
  <datafield tag="060" ind1=" " ind2="0">
   <subfield code="a">W1</subfield>
  </datafield>
  <datafield tag="082" ind1="0" ind2="0">
   <subfield code="a">616.99/481</subfield>
  </datafield>
  <datafield tag="084" ind1=" " ind2=" ">
   <subfield code="a">44.90</subfield>
   <subfield code="9">Neurologie</subfield>
   <subfield code="2">bkl</subfield>
  </datafield>
  <datafield tag="084" ind1=" " ind2=" ">
   <subfield code="a">44.81</subfield>
   <subfield code="9">Onkologie</subfield>
   <subfield code="2">bkl</subfield>
  </datafield>
  <datafield tag="084" ind1=" " ind2=" ">
   <subfield code="a">XH 2070</subfield>
   <subfield code="2">rvk</subfield>
  </datafield>
  <datafield tag="084" ind1=" " ind2=" ">
   <subfield code="a">XH 2099</subfield>
   <subfield code="2">rvk</subfield>
  </datafield>
  <datafield tag="084" ind1=" " ind2=" ">
   <subfield code="a">XH 2900</subfield>
   <subfield code="2">rvk</subfield>
  </datafield>
  <datafield tag="084" ind1=" " ind2=" ">
   <subfield code="a">XH 2970</subfield>
   <subfield code="2">rvk</subfield>
  </datafield>
  <datafield tag="245" ind1="0" ind2="0">
   <subfield code="a">Current and future management of brain metastasis</subfield>
   <subfield code="h">Elektronische Ressource</subfield>
   <subfield code="b">27 tables</subfield>
   <subfield code="c">Dong Gyu Kim ; L. Dade Lunsford</subfield>
  </datafield>
  <datafield tag="264" ind1="3" ind2="1">
   <subfield code="a">Basel [u.a.]</subfield>
   <subfield code="b">Karger</subfield>
   <subfield code="c">2012</subfield>
  </datafield>
  <datafield tag="300" ind1=" " ind2=" ">
   <subfield code="a">Online Ressource (XII, 314 S.)</subfield>
   <subfield code="b">Ill.</subfield>
  </datafield>
  <datafield tag="336" ind1=" " ind2=" ">
   <subfield code="a">Text</subfield>
   <subfield code="b">txt</subfield>
   <subfield code="2">rdacontent</subfield>
  </datafield>
  <datafield tag="337" ind1=" " ind2=" ">
   <subfield code="a">Computermedien</subfield>
   <subfield code="b">c</subfield>
   <subfield code="2">rdamedia</subfield>
  </datafield>
  <datafield tag="338" ind1=" " ind2=" ">
   <subfield code="a">Online-Ressource</subfield>
   <subfield code="b">cr</subfield>
   <subfield code="2">rdacarrier</subfield>
  </datafield>
  <datafield tag="490" ind1="0" ind2=" ">
   <subfield code="a">Progress in neurological surgery</subfield>
   <subfield code="v">25</subfield>
  </datafield>
  <datafield tag="500" ind1=" " ind2=" ">
   <subfield code="a">Includes bibliographical references and indexes</subfield>
  </datafield>
  <datafield tag="505" ind1="0" ind2=" ">
   <subfield code="a">Understanding brain metastasisHistorical background -- Epidemiology of central nervous system metastases -- Histopathology of brain metastases after radiosurgery -- Radiobiological principles: their application to gamma knife therapy -- General management -- Imaging diagnosis of brain metastasis -- Surgical treatment of solitary brain metastases -- Whole-brain radiation therapy of brain metastasis -- Advances in radiation therapy of brain metastasis -- Role of chemotherapy on brain metastasis -- Radiosurgery for brain metastases -- Stereotactic radiosurgery for patients with metastatic brain tumors: development of a consensus radiosurgery guideline recommendation -- Radiosurgery -- Radiosurgical dose selection for brain metastasis -- Treatment of brain metastasis from lung cancer -- Gamma knife radiosurgery of brain metastasis from breast cancer -- Brain metastasis from renal cell carcinoma -- Stereotactic radiosurgery of brain metastasis from melanoma -- Gamma knife radiosurgery of other brain metastases -- Cyberknife radiosurgery for brain metastases -- Management of adverse radiation effects after radiosurgery -- Radiosurgery after craniotomy -- Combined role of whole-brain radiation therapy and radiosurgery for the treatment of brain metastasis -- Modern radiosurgery equipment for treating brain metastases -- Difficult cases -- Stereotactic radiosurgery for large brain metastases -- How many metastases can be treated with radiosurgery? -- Management of recurrent brain metastasis after radiosurgery -- Future perspectives of brain metastasis treatment -- Future perspectives of brain metastasis management..</subfield>
  </datafield>
  <datafield tag="520" ind1=" " ind2=" ">
   <subfield code="a">Recent strategies combining multiple modalities have opened up a whole new field of brain metastasis management focusing on disease control. The management of brain metastasis in modern times is no longer confined to palliation but seeks preservation of life quality and not only prolonged survival. Up-to-date guidelines and the main aspects of brain metastasis management as well as practical points on how to deal with difficult situations in daily clinical practice are presented. Epidemiology and biology and various effective treatment methods such as surgery, radiosurgery, radiation therapy and chemotherapy are well explained. Each chapter encompasses extensive reviews and presents broad perspectives on specific topics by the most renowned personages who have continuously shown their excellence in this rapidly progressing field.This book contains the most current information on the understanding of brain metastasis management. It is valuable reading for neurosurgeons, neuro-oncologists and radiation oncologists who are searching for the best all-round treatment for their patients</subfield>
  </datafield>
  <datafield tag="533" ind1=" " ind2=" ">
   <subfield code="a">Online-Ausg.</subfield>
   <subfield code="d">2011</subfield>
   <subfield code="n">Electronic reproduction; Available via World Wide Web</subfield>
   <subfield code="7">|2011||||||||||</subfield>
  </datafield>
  <datafield tag="650" ind1=" " ind2="0">
   <subfield code="a">Brain metastasis</subfield>
  </datafield>
  <datafield tag="650" ind1=" " ind2="2">
   <subfield code="a">Radiosurgery</subfield>
  </datafield>
  <datafield tag="650" ind1=" " ind2="2">
   <subfield code="a">Brain Neoplasms</subfield>
   <subfield code="x">therapy</subfield>
  </datafield>
  <datafield tag="650" ind1=" " ind2="2">
   <subfield code="a">Brain Neoplasms</subfield>
   <subfield code="x">secondary</subfield>
  </datafield>
  <datafield tag="650" ind1=" " ind2="2">
   <subfield code="a">Neoplasm Metastasis</subfield>
   <subfield code="x">therapy</subfield>
  </datafield>
  <datafield tag="653" ind1=" " ind2="0">
   <subfield code="a">Hardback</subfield>
  </datafield>
  <datafield tag="653" ind1=" " ind2="0">
   <subfield code="a">Neurosurgery</subfield>
  </datafield>
  <datafield tag="700" ind1="1" ind2=" ">
   <subfield code="a">Kim, Dong-gyu</subfield>
   <subfield code="0">(DE-601)684198460</subfield>
   <subfield code="0">(DE-588)1019138327</subfield>
  </datafield>
  <datafield tag="700" ind1="1" ind2=" ">
   <subfield code="a">Lunsford, L. Dade</subfield>
  </datafield>
  <datafield tag="775" ind1="0" ind2="8">
   <subfield code="t">Parallel als Buch-Ausg. erschienen</subfield>
  </datafield>
  <datafield tag="776" ind1="0" ind2="8">
   <subfield code="i">Druckausg.</subfield>
   <subfield code="t">Current and future management of brain metastasis</subfield>
   <subfield code="w">(DE-601)670642606</subfield>
  </datafield>
  <datafield tag="830" ind1=" " ind2="0">
   <subfield code="w">(DE-601)608941670</subfield>
   <subfield code="v">25</subfield>
   <subfield code="9">2500</subfield>
  </datafield>
  <datafield tag="856" ind1="4" ind2="0">
   <subfield code="u">http://content.karger.com/ProdukteDB/produkte.asp?isbn=978-3-8055-9618-3</subfield>
  </datafield>
  <datafield tag="856" ind1="4" ind2="0">
   <subfield code="u">http://content.karger.com/ProdukteDB/produkte.asp?Aktion=showproducts&amp;searchWhat=books&amp;ProduktNr=255494</subfield>
  </datafield>
  <datafield tag="856" ind1="4" ind2="0">
   <subfield code="u">http://dx.doi.org/10.1159/isbn.978-3-8055-9618-3</subfield>
  </datafield>
  <datafield tag="856" ind1="4" ind2="0">
   <subfield code="u">http://site.ebrary.com/lib/alltitles/docDetail.action?docID=10568698</subfield>
  </datafield>
  <datafield tag="856" ind1="4" ind2="1">
   <subfield code="u">http://search.ebscohost.com/login.aspx?direct=true&amp;scope=site&amp;db=nlebk&amp;db=nlabk&amp;AN=458544</subfield>
   <subfield code="3">Volltext</subfield>
  </datafield>
  <datafield tag="856" ind1="4" ind2="1">
   <subfield code="u">http://www.karger.com/?ISBN=978-3-8055-9617-6</subfield>
   <subfield code="3">Volltext</subfield>
  </datafield>
  <datafield tag="856" ind1="4" ind2="2">
   <subfield code="u">http://d-nb.info/1016255802/04</subfield>
   <subfield code="m">B:DE-101</subfield>
   <subfield code="q">application/pdf</subfield>
   <subfield code="3">Inhaltsverzeichnis</subfield>
  </datafield>
  <datafield tag="856" ind1="4" ind2="2">
   <subfield code="u">http://deposit.d-nb.de/cgi-bin/dokserv?id=3899219&amp;prov=M&amp;dok_var=1&amp;dok_ext=htm</subfield>
   <subfield code="m">X:MVB</subfield>
   <subfield code="q">text/html</subfield>
   <subfield code="3">Inhaltstext</subfield>
  </datafield>
  <datafield tag="912" ind1=" " ind2=" ">
   <subfield code="a">ZDB-38-EBR</subfield>
  </datafield>
  <datafield tag="912" ind1=" " ind2=" ">
   <subfield code="a">ZDB-4-NLEBK</subfield>
  </datafield>
  <datafield tag="912" ind1=" " ind2=" ">
   <subfield code="a">ZDB-1-KEB</subfield>
  </datafield>
  <datafield tag="912" ind1=" " ind2=" ">
   <subfield code="a">ZDB-25-KSE</subfield>
  </datafield>
  <datafield tag="912" ind1=" " ind2=" ">
   <subfield code="a">GBV_ILN_11</subfield>
  </datafield>
  <datafield tag="912" ind1=" " ind2=" ">
   <subfield code="a">SYSFLAG_1</subfield>
  </datafield>
  <datafield tag="912" ind1=" " ind2=" ">
   <subfield code="a">GBV_GVK</subfield>
  </datafield>
  <datafield tag="912" ind1=" " ind2=" ">
   <subfield code="a">ZDB-38-EBR</subfield>
  </datafield>
  <datafield tag="912" ind1=" " ind2=" ">
   <subfield code="a">ZDB-4-NLEBK</subfield>
  </datafield>
  <datafield tag="912" ind1=" " ind2=" ">
   <subfield code="a">ZDB-1-KEB</subfield>
  </datafield>
  <datafield tag="912" ind1=" " ind2=" ">
   <subfield code="a">ZDB-25-KSE</subfield>
  </datafield>
  <datafield tag="912" ind1=" " ind2=" ">
   <subfield code="a">GBV_ILN_22</subfield>
  </datafield>
  <datafield tag="912" ind1=" " ind2=" ">
   <subfield code="a">GBV_ILN_22_i06404</subfield>
  </datafield>
  <datafield tag="912" ind1=" " ind2=" ">
   <subfield code="a">ZDB-38-EBR</subfield>
  </datafield>
  <datafield tag="912" ind1=" " ind2=" ">
   <subfield code="a">ZDB-4-NLEBK</subfield>
  </datafield>
  <datafield tag="912" ind1=" " ind2=" ">
   <subfield code="a">ZDB-1-KEB</subfield>
  </datafield>
  <datafield tag="912" ind1=" " ind2=" ">
   <subfield code="a">ZDB-25-KSE</subfield>
  </datafield>
  <datafield tag="912" ind1=" " ind2=" ">
   <subfield code="a">GBV_ILN_34</subfield>
  </datafield>
  <datafield tag="912" ind1=" " ind2=" ">
   <subfield code="a">ZDB-38-EBR</subfield>
  </datafield>
  <datafield tag="912" ind1=" " ind2=" ">
   <subfield code="a">ZDB-4-NLEBK</subfield>
  </datafield>
  <datafield tag="912" ind1=" " ind2=" ">
   <subfield code="a">ZDB-1-KEB</subfield>
  </datafield>
  <datafield tag="912" ind1=" " ind2=" ">
   <subfield code="a">ZDB-25-KSE</subfield>
  </datafield>
  <datafield tag="912" ind1=" " ind2=" ">
   <subfield code="a">GBV_ILN_40</subfield>
  </datafield>
  <datafield tag="912" ind1=" " ind2=" ">
   <subfield code="a">ZDB-38-EBR</subfield>
  </datafield>
  <datafield tag="912" ind1=" " ind2=" ">
   <subfield code="a">ZDB-4-NLEBK</subfield>
  </datafield>
  <datafield tag="912" ind1=" " ind2=" ">
   <subfield code="a">ZDB-1-KEB</subfield>
  </datafield>
  <datafield tag="912" ind1=" " ind2=" ">
   <subfield code="a">ZDB-25-KSE</subfield>
  </datafield>
  <datafield tag="912" ind1=" " ind2=" ">
   <subfield code="a">GBV_ILN_74</subfield>
  </datafield>
  <datafield tag="951" ind1=" " ind2=" ">
   <subfield code="a">BO</subfield>
  </datafield>
  <datafield tag="980" ind1=" " ind2=" ">
   <subfield code="2">11</subfield>
   <subfield code="1">01</subfield>
   <subfield code="b">1621661946</subfield>
   <subfield code="f">5</subfield>
   <subfield code="g">Bestand: . - Zugriff f&#xFC;r registrierte Benutzer der SBB</subfield>
   <subfield code="h">OLR-NL-KEB</subfield>
   <subfield code="k">REMOTE ACCESS</subfield>
   <subfield code="x">0001</subfield>
   <subfield code="y">k</subfield>
   <subfield code="z">21-06-16</subfield>
  </datafield>
  <datafield tag="980" ind1=" " ind2=" ">
   <subfield code="2">22</subfield>
   <subfield code="1">01</subfield>
   <subfield code="b">1841890138</subfield>
   <subfield code="h">h64 Karger</subfield>
   <subfield code="k">Vervielf&#xE4;ltigungen (z.B. Kopien, Downloads) sind nur von einzelnen Kapiteln oder Seiten und nur zum eigenen wissenschaftlichen Gebrauch erlaubt. Die Weitergabe an Dritte sowie systematisches Downloaden sind untersagt.</subfield>
   <subfield code="x">0018</subfield>
   <subfield code="y">zi06404</subfield>
   <subfield code="z">22-01-19</subfield>
  </datafield>
  <datafield tag="980" ind1=" " ind2=" ">
   <subfield code="2">34</subfield>
   <subfield code="1">01</subfield>
   <subfield code="b">1290592675</subfield>
   <subfield code="f">18/284</subfield>
   <subfield code="d">E-Book</subfield>
   <subfield code="e">g</subfield>
   <subfield code="h">OLR-KEB</subfield>
   <subfield code="k">Vervielf&#xE4;ltigungen (z.B. Kopien, Downloads) sind nur von einzelnen Kapiteln oder Seiten, und nur zum eigenen wissenschaftlichen Gebrauch erlaubt. Keine Weitergabe an Dritte. Kein systematisches Downloaden durch Robots</subfield>
   <subfield code="x">3551</subfield>
   <subfield code="y">zi004</subfield>
   <subfield code="z">31-01-12</subfield>
  </datafield>
  <datafield tag="980" ind1=" " ind2=" ">
   <subfield code="2">40</subfield>
   <subfield code="1">01</subfield>
   <subfield code="b">1648797873</subfield>
   <subfield code="h">OLR-NL-KARGER-KEB</subfield>
   <subfield code="x">0007</subfield>
   <subfield code="y">xsn</subfield>
   <subfield code="z">02-12-16</subfield>
  </datafield>
  <datafield tag="981" ind1=" " ind2=" ">
   <subfield code="2">11</subfield>
   <subfield code="1">01</subfield>
   <subfield code="r">http://erf.sbb.spk-berlin.de/han/624251950/dx.doi.org/10.1159/isbn.978-3-8055-9618-3</subfield>
  </datafield>
  <datafield tag="981" ind1=" " ind2=" ">
   <subfield code="2">22</subfield>
   <subfield code="1">01</subfield>
   <subfield code="y">Volltextzugang Campus</subfield>
   <subfield code="r">http://dx.doi.org/10.1159/isbn.978-3-8055-9618-3</subfield>
  </datafield>
  <datafield tag="981" ind1=" " ind2=" ">
   <subfield code="2">22</subfield>
   <subfield code="1">01</subfield>
   <subfield code="y">Nur f&#xFC;r Angeh&#xF6;rige der Universit&#xE4;t Hamburg: Volltextzugang von au&#xDF;erhalb des Campus</subfield>
   <subfield code="r">http://emedien.sub.uni-hamburg.de/han/KargerBooks/dx.doi.org/10.1159/isbn.978-3-8055-9618-3</subfield>
  </datafield>
  <datafield tag="981" ind1=" " ind2=" ">
   <subfield code="2">34</subfield>
   <subfield code="1">01</subfield>
   <subfield code="y">Zugriff nur im Netz der HAW Hamburg</subfield>
   <subfield code="r">http://content.karger.com/ProdukteDB/produkte.asp?Aktion=showproducts&amp;searchWhat=books&amp;searchParm=toc&amp;ProduktNr=255494</subfield>
  </datafield>
  <datafield tag="981" ind1=" " ind2=" ">
   <subfield code="2">40</subfield>
   <subfield code="1">01</subfield>
   <subfield code="y">Volltext, Campuszugriff</subfield>
   <subfield code="r">http://content.karger.com/ProdukteDB/produkte.asp?isbn=978-3-8055-9618-3</subfield>
  </datafield>
  <datafield tag="981" ind1=" " ind2=" ">
   <subfield code="2">40</subfield>
   <subfield code="1">01</subfield>
   <subfield code="y">Volltext, Externer Zugriff</subfield>
   <subfield code="r">http://han.sub.uni-goettingen.de/han/Karger-eBook-Medicine/content.karger.com/ProdukteDB/produkte.asp?isbn=978-3-8055-9618-3</subfield>
  </datafield>
  <datafield tag="981" ind1=" " ind2=" ">
   <subfield code="2">40</subfield>
   <subfield code="1">01</subfield>
   <subfield code="y">Dieser Titel ist Teil einer Datenbank</subfield>
   <subfield code="r">http://www.bibliothek.uni-regensburg.de/dbinfo/detail.php?titel_id=9943&amp;bib_id=subgo</subfield>
  </datafield>
  <datafield tag="982" ind1=" " ind2=" ">
   <subfield code="2">74</subfield>
   <subfield code="1">00</subfield>
   <subfield code="8">00</subfield>
   <subfield code="a">Brain Neoplasms-pathology</subfield>
  </datafield>
  <datafield tag="982" ind1=" " ind2=" ">
   <subfield code="2">74</subfield>
   <subfield code="1">00</subfield>
   <subfield code="8">01</subfield>
   <subfield code="a">Brain Neoplasms-therapy</subfield>
  </datafield>
  <datafield tag="982" ind1=" " ind2=" ">
   <subfield code="2">74</subfield>
   <subfield code="1">00</subfield>
   <subfield code="8">02</subfield>
   <subfield code="a">Neoplasm Metastasis-therapy</subfield>
  </datafield>
  <datafield tag="982" ind1=" " ind2=" ">
   <subfield code="2">74</subfield>
   <subfield code="1">00</subfield>
   <subfield code="8">03</subfield>
   <subfield code="a">Radiosurgery</subfield>
  </datafield>
  <datafield tag="983" ind1=" " ind2=" ">
   <subfield code="2">40</subfield>
   <subfield code="1">00</subfield>
   <subfield code="8">00</subfield>
   <subfield code="0">(DE-601)619876247</subfield>
   <subfield code="a">MED 530</subfield>
   <subfield code="b">Neurologie - Allgemein- und Gesamtdarstellungen</subfield>
  </datafield>
  <datafield tag="983" ind1=" " ind2=" ">
   <subfield code="2">40</subfield>
   <subfield code="1">00</subfield>
   <subfield code="8">01</subfield>
   <subfield code="0">(DE-601)619875895</subfield>
   <subfield code="a">MED 424</subfield>
   <subfield code="b">Onkologie</subfield>
  </datafield>
  <datafield tag="983" ind1=" " ind2=" ">
   <subfield code="2">74</subfield>
   <subfield code="1">00</subfield>
   <subfield code="8">00</subfield>
   <subfield code="a">WL 358</subfield>
  </datafield>
  <datafield tag="995" ind1=" " ind2=" ">
   <subfield code="2">11</subfield>
   <subfield code="1">01</subfield>
   <subfield code="a">OLR-NL-KEB</subfield>
  </datafield>
  <datafield tag="995" ind1=" " ind2=" ">
   <subfield code="2">22</subfield>
   <subfield code="1">01</subfield>
   <subfield code="a">h64 Karger</subfield>
  </datafield>
  <datafield tag="995" ind1=" " ind2=" ">
   <subfield code="2">34</subfield>
   <subfield code="1">01</subfield>
   <subfield code="a">OLR-KEB</subfield>
  </datafield>
  <datafield tag="995" ind1=" " ind2=" ">
   <subfield code="2">40</subfield>
   <subfield code="1">01</subfield>
   <subfield code="a">OLR-NL-KARGER-KEB</subfield>
  </datafield>
 <format>eBook</format></record>