


<record xmlns:xsi="http://www.w3.org/2001/XMLSchema-instance" xmlns="http://www.loc.gov/MARC21/slim" xsi:schemaLocation="http://www.loc.gov/MARC21/slim http://www.loc.gov/standards/marcxml/schema/MARC21slim.xsd" type="Bibliographic">
  <leader>03329nam a2200769 c 4500</leader>
  <controlfield tag="001">121564959</controlfield>
  <controlfield tag="003">DE-601</controlfield>
  <controlfield tag="005">20180317161618.0</controlfield>
  <controlfield tag="008">930212s1992    xxu           000 0 eng d</controlfield>
  <datafield tag="016" ind1="7" ind2=" ">
   <subfield code="a">b93-06716</subfield>
   <subfield code="2">UK</subfield>
  </datafield>
  <datafield tag="016" ind1="7" ind2=" ">
   <subfield code="a">019-50551</subfield>
   <subfield code="2">UK</subfield>
  </datafield>
  <datafield tag="016" ind1="7" ind2=" ">
   <subfield code="a">b92-X5217</subfield>
   <subfield code="2">UK</subfield>
  </datafield>
  <datafield tag="020" ind1=" " ind2=" ">
   <subfield code="a">0195055187 (alk. paper)</subfield>
   <subfield code="9">0-19-505518-7</subfield>
  </datafield>
  <datafield tag="035" ind1=" " ind2=" ">
   <subfield code="a">(OCoLC)25009410</subfield>
  </datafield>
  <datafield tag="035" ind1=" " ind2=" ">
   <subfield code="a">(DE-599)GBV121564959</subfield>
  </datafield>
  <datafield tag="040" ind1=" " ind2=" ">
   <subfield code="b">ger</subfield>
   <subfield code="c">GBVCP</subfield>
  </datafield>
  <datafield tag="041" ind1="0" ind2=" ">
   <subfield code="a">eng</subfield>
  </datafield>
  <datafield tag="044" ind1=" " ind2=" ">
   <subfield code="a">xxu</subfield>
   <subfield code="a">xxk</subfield>
  </datafield>
  <datafield tag="050" ind1=" " ind2="0">
   <subfield code="a">QM451</subfield>
  </datafield>
  <datafield tag="060" ind1=" " ind2="0">
   <subfield code="a">WL 300 B8645c</subfield>
  </datafield>
  <datafield tag="082" ind1="0" ind2="0">
   <subfield code="a">612.8</subfield>
  </datafield>
  <datafield tag="084" ind1=" " ind2=" ">
   <subfield code="a">44.90</subfield>
   <subfield code="9">Neurologie</subfield>
   <subfield code="2">bkl</subfield>
  </datafield>
  <datafield tag="100" ind1="1" ind2=" ">
   <subfield code="a">Brodal, Per</subfield>
   <subfield code="e">verfasserin</subfield>
   <subfield code="4">aut</subfield>
  </datafield>
  <datafield tag="240" ind1="1" ind2="0">
   <subfield code="a">Sentralnervesystemet &lt;engl.&gt;</subfield>
  </datafield>
  <datafield tag="245" ind1="1" ind2="4">
   <subfield code="a">The central nervous system</subfield>
   <subfield code="b">structure and function</subfield>
   <subfield code="c">Per Brodal</subfield>
  </datafield>
  <datafield tag="264" ind1="3" ind2="1">
   <subfield code="a">New York [u.a.]</subfield>
   <subfield code="b">Oxford Univ. Press</subfield>
   <subfield code="c">1992</subfield>
  </datafield>
  <datafield tag="300" ind1=" " ind2=" ">
   <subfield code="a">XIV, 464 S</subfield>
   <subfield code="b">Ill</subfield>
  </datafield>
  <datafield tag="650" ind1=" " ind2="0">
   <subfield code="a">Neuroanatomy</subfield>
  </datafield>
  <datafield tag="650" ind1=" " ind2="0">
   <subfield code="a">Central nervous system</subfield>
   <subfield code="x">Anatomy</subfield>
  </datafield>
  <datafield tag="650" ind1=" " ind2="2">
   <subfield code="a">Central Nervous System</subfield>
   <subfield code="x">physiology</subfield>
  </datafield>
  <datafield tag="650" ind1=" " ind2="7">
   <subfield code="0">(DE-601)106108328</subfield>
   <subfield code="0">(DE-588)4067637-7</subfield>
   <subfield code="a">Zentralnervensystem</subfield>
   <subfield code="2">gnd</subfield>
  </datafield>
  <datafield tag="650" ind1=" " ind2="7">
   <subfield code="0">(DE-601)104332069</subfield>
   <subfield code="0">(DE-588)4001895-7</subfield>
   <subfield code="a">Anatomie</subfield>
   <subfield code="2">gnd</subfield>
  </datafield>
  <datafield tag="650" ind1=" " ind2="7">
   <subfield code="0">(DE-601)104616873</subfield>
   <subfield code="0">(DE-588)4045981-0</subfield>
   <subfield code="a">Physiologie</subfield>
   <subfield code="2">gnd</subfield>
  </datafield>
  <datafield tag="653" ind1=" " ind2="0">
   <subfield code="a">Humans</subfield>
   <subfield code="a">Central nervous system</subfield>
  </datafield>
  <datafield tag="653" ind1=" " ind2="0">
   <subfield code="a">Medicine</subfield>
  </datafield>
  <datafield tag="856" ind1="4" ind2="2">
   <subfield code="y">Publisher description</subfield>
   <subfield code="u">http://www.loc.gov/catdir/enhancements/fy0639/91045315-d.html</subfield>
  </datafield>
  <datafield tag="856" ind1="4" ind2="2">
   <subfield code="y">Table of contents</subfield>
   <subfield code="u">http://www.loc.gov/catdir/enhancements/fy0639/91045315-t.html</subfield>
  </datafield>
  <datafield tag="856" ind1="4" ind2="2">
   <subfield code="y">Inhaltsverzeichnis</subfield>
   <subfield code="u">http://www.gbv.de/dms/ohb-opac/121564959.pdf</subfield>
   <subfield code="m">V:DE-601;B:6</subfield>
   <subfield code="q">pdf/application</subfield>
   <subfield code="3">Inhaltsverzeichnis</subfield>
  </datafield>
  <datafield tag="856" ind1="4" ind2="2">
   <subfield code="u">http://www.loc.gov/catdir/enhancements/fy0639/91045315-d.html</subfield>
   <subfield code="3">Verlagsangaben</subfield>
  </datafield>
  <datafield tag="856" ind1="4" ind2="2">
   <subfield code="u">http://www.loc.gov/catdir/enhancements/fy0639/91045315-t.html</subfield>
   <subfield code="3">Inhaltsverzeichnis</subfield>
  </datafield>
  <datafield tag="912" ind1=" " ind2=" ">
   <subfield code="a">SYSFLAG_1</subfield>
  </datafield>
  <datafield tag="912" ind1=" " ind2=" ">
   <subfield code="a">GBV_GVK</subfield>
  </datafield>
  <datafield tag="912" ind1=" " ind2=" ">
   <subfield code="a">GBV_ILN_22</subfield>
  </datafield>
  <datafield tag="912" ind1=" " ind2=" ">
   <subfield code="a">GBV_ILN_31</subfield>
  </datafield>
  <datafield tag="912" ind1=" " ind2=" ">
   <subfield code="a">GBV_ILN_32</subfield>
  </datafield>
  <datafield tag="912" ind1=" " ind2=" ">
   <subfield code="a">GBV_ILN_34</subfield>
  </datafield>
  <datafield tag="912" ind1=" " ind2=" ">
   <subfield code="a">GBV_ILN_55</subfield>
  </datafield>
  <datafield tag="912" ind1=" " ind2=" ">
   <subfield code="a">GBV_ILN_101</subfield>
  </datafield>
  <datafield tag="912" ind1=" " ind2=" ">
   <subfield code="a">GBV_ILN_171</subfield>
  </datafield>
  <datafield tag="912" ind1=" " ind2=" ">
   <subfield code="a">GBV_ILN_285</subfield>
  </datafield>
  <datafield tag="951" ind1=" " ind2=" ">
   <subfield code="a">BO</subfield>
  </datafield>
  <datafield tag="980" ind1=" " ind2=" ">
   <subfield code="2">22</subfield>
   <subfield code="1">01</subfield>
   <subfield code="b">087214652</subfield>
   <subfield code="f">SUB-SM</subfield>
   <subfield code="d">B 1994/1744</subfield>
   <subfield code="e">u</subfield>
   <subfield code="x">0018</subfield>
   <subfield code="y">zu</subfield>
   <subfield code="z">13-01-95</subfield>
  </datafield>
  <datafield tag="980" ind1=" " ind2=" ">
   <subfield code="2">31</subfield>
   <subfield code="1">01</subfield>
   <subfield code="b">220859523</subfield>
   <subfield code="f">J 37</subfield>
   <subfield code="d">PSY:DC:1000:Bro::1992</subfield>
   <subfield code="e">d</subfield>
   <subfield code="d">96 NB 403/1</subfield>
   <subfield code="x">0027</subfield>
   <subfield code="y">n</subfield>
   <subfield code="z">01-01-96</subfield>
  </datafield>
  <datafield tag="980" ind1=" " ind2=" ">
   <subfield code="2">32</subfield>
   <subfield code="1">01</subfield>
   <subfield code="b">158813359</subfield>
   <subfield code="f">59</subfield>
   <subfield code="d">NAT WW 2320 B864</subfield>
   <subfield code="e">u</subfield>
   <subfield code="l">;1=Quelle pros... ;2=Ex 1... ;2.1=... ;2.2=... ;2.3=... ;2.4=... ;3=Preis &#xA3;29,50... ;4=UK c57... ;5=Sto 59=MED... ;5.1=... ;5.2=... ;5.3=... ;5.4=... ;6=vhd FremdL b/sw... ;8=RechnNr M 081982... ;9=RechnDat 22.11.95... ;10=Rabatt 25%... ;11=BestDat 950101... ;12=BestArt ... ;13=Lief 657... ;14=Bemerk ... ;7=BearbSt ...</subfield>
   <subfield code="x">3400</subfield>
   <subfield code="y">k</subfield>
   <subfield code="z">31-07-00</subfield>
  </datafield>
  <datafield tag="980" ind1=" " ind2=" ">
   <subfield code="2">34</subfield>
   <subfield code="1">01</subfield>
   <subfield code="b">06495711X</subfield>
   <subfield code="f">18/284</subfield>
   <subfield code="d">Med P 5 - 42.1</subfield>
   <subfield code="e">c</subfield>
   <subfield code="k">Magazinbestand</subfield>
   <subfield code="x">3551</subfield>
   <subfield code="y">zi004</subfield>
   <subfield code="z">13-01-95</subfield>
  </datafield>
  <datafield tag="980" ind1=" " ind2=" ">
   <subfield code="2">55</subfield>
   <subfield code="1">01</subfield>
   <subfield code="b">18691458X</subfield>
   <subfield code="d">H 1/203</subfield>
   <subfield code="x">3055</subfield>
   <subfield code="y">r</subfield>
   <subfield code="z">24-05-96</subfield>
  </datafield>
  <datafield tag="980" ind1=" " ind2=" ">
   <subfield code="2">101</subfield>
   <subfield code="1">01</subfield>
   <subfield code="b">100267823</subfield>
   <subfield code="d">ZB -0306-127</subfield>
   <subfield code="e">u</subfield>
   <subfield code="x">3101</subfield>
   <subfield code="y">z</subfield>
   <subfield code="z">12-02-93</subfield>
  </datafield>
  <datafield tag="980" ind1=" " ind2=" ">
   <subfield code="2">171</subfield>
   <subfield code="1">01</subfield>
   <subfield code="b">002038919</subfield>
   <subfield code="d">Md 1 / 2255. 4&#xB0;</subfield>
   <subfield code="e">u</subfield>
   <subfield code="x">3309</subfield>
   <subfield code="y">n</subfield>
   <subfield code="z">01-01-96</subfield>
  </datafield>
  <datafield tag="980" ind1=" " ind2=" ">
   <subfield code="2">285</subfield>
   <subfield code="1">01</subfield>
   <subfield code="b">791582701</subfield>
   <subfield code="f">2000</subfield>
   <subfield code="d">CZ 1000 BRO</subfield>
   <subfield code="e">u</subfield>
   <subfield code="x">0517</subfield>
   <subfield code="y">n</subfield>
   <subfield code="z">20-12-94</subfield>
  </datafield>
  <datafield tag="982" ind1=" " ind2=" ">
   <subfield code="2">22</subfield>
   <subfield code="1">01</subfield>
   <subfield code="8">00</subfield>
   <subfield code="0">(DE-601)050863665</subfield>
   <subfield code="a">Nervensystem</subfield>
  </datafield>
  <datafield tag="982" ind1=" " ind2=" ">
   <subfield code="2">31</subfield>
   <subfield code="1">00</subfield>
   <subfield code="8">00</subfield>
   <subfield code="a">Neuroanatomie</subfield>
  </datafield>
  <datafield tag="982" ind1=" " ind2=" ">
   <subfield code="2">31</subfield>
   <subfield code="1">00</subfield>
   <subfield code="8">01</subfield>
   <subfield code="a">Zentralnervensystem</subfield>
  </datafield>
  <datafield tag="983" ind1=" " ind2=" ">
   <subfield code="2">22</subfield>
   <subfield code="1">01</subfield>
   <subfield code="8">00</subfield>
   <subfield code="a">181.68</subfield>
  </datafield>
  <datafield tag="983" ind1=" " ind2=" ">
   <subfield code="2">32</subfield>
   <subfield code="1">00</subfield>
   <subfield code="8">00</subfield>
   <subfield code="a">WW 2320</subfield>
  </datafield>
  <datafield tag="983" ind1=" " ind2=" ">
   <subfield code="2">101</subfield>
   <subfield code="1">00</subfield>
   <subfield code="8">00</subfield>
   <subfield code="a">0306.12</subfield>
  </datafield>
  <datafield tag="983" ind1=" " ind2=" ">
   <subfield code="2">101</subfield>
   <subfield code="1">00</subfield>
   <subfield code="8">01</subfield>
   <subfield code="a">0315.15</subfield>
  </datafield>
  <datafield tag="983" ind1=" " ind2=" ">
   <subfield code="2">285</subfield>
   <subfield code="1">00</subfield>
   <subfield code="8">00</subfield>
   <subfield code="a">CZ 1000</subfield>
  </datafield>
 <format>Book</format></record>