


<record xmlns:xsi="http://www.w3.org/2001/XMLSchema-instance" xmlns="http://www.loc.gov/MARC21/slim" xsi:schemaLocation="http://www.loc.gov/MARC21/slim http://www.loc.gov/standards/marcxml/schema/MARC21slim.xsd" type="Bibliographic">
  <leader>04889nma a2200805 c 4500</leader>
  <controlfield tag="001">NLM181245884</controlfield>
  <controlfield tag="003">DE-601</controlfield>
  <controlfield tag="005">20180204145713.0</controlfield>
  <controlfield tag="007">cr uuu---uuuuu</controlfield>
  <controlfield tag="008">180204s2009                  000 0 eng d</controlfield>
  <datafield tag="024" ind1="7" ind2=" ">
   <subfield code="a">10.1038/ejcn.2008.41</subfield>
   <subfield code="2">doi</subfield>
  </datafield>
  <datafield tag="028" ind1="5" ind2="2">
   <subfield code="a">pubmed18n0604.xml</subfield>
  </datafield>
  <datafield tag="035" ind1=" " ind2=" ">
   <subfield code="a">(DE-599)NLM18665183</subfield>
  </datafield>
  <datafield tag="040" ind1=" " ind2=" ">
   <subfield code="b">ger</subfield>
   <subfield code="c">GBVCP</subfield>
  </datafield>
  <datafield tag="041" ind1="0" ind2=" ">
   <subfield code="a">eng</subfield>
  </datafield>
  <datafield tag="100" ind1="1" ind2=" ">
   <subfield code="a">Hitze, B</subfield>
  </datafield>
  <datafield tag="245" ind1="1" ind2="0">
   <subfield code="a">Determinants and impact of sleep duration in children and adolescents</subfield>
   <subfield code="h">Elektronische Ressource</subfield>
   <subfield code="b">data of the Kiel Obesity Prevention Study</subfield>
  </datafield>
  <datafield tag="300" ind1=" " ind2=" ">
   <subfield code="a">Online-Ressource</subfield>
  </datafield>
  <datafield tag="500" ind1=" " ind2=" ">
   <subfield code="a">Date Completed 01.09.2009</subfield>
  </datafield>
  <datafield tag="500" ind1=" " ind2=" ">
   <subfield code="a">Date Revised 17.11.2011</subfield>
  </datafield>
  <datafield tag="500" ind1=" " ind2=" ">
   <subfield code="a">published: Print-Electronic</subfield>
  </datafield>
  <datafield tag="500" ind1=" " ind2=" ">
   <subfield code="a">Citation Status MEDLINE</subfield>
  </datafield>
  <datafield tag="500" ind1=" " ind2=" ">
   <subfield code="a">Copyright: From MEDLINE&#xAE;/PubMed&#xAE;, a database of the U.S. National Library of Medicine</subfield>
  </datafield>
  <datafield tag="520" ind1=" " ind2=" ">
   <subfield code="a">BACKGROUND/OBJECTIVES: This study investigates determinants of sleep duration and its impact on nutritional status, resting energy expenditure (REE), cardiometabolic risk factors and hormones in children/adolescents</subfield>
  </datafield>
  <datafield tag="520" ind1=" " ind2=" ">
   <subfield code="a">SUBJECTS/METHODS: In 207 girls and 207 boys (13.0+/-3.4 (6.1-19.9) years) body mass index standard deviation score (BMI SDS), waist circumference (WC) z-score, body composition (air-displacement plethysmography), REE (ventilated hood system; n=312) and cardiometabolic risk factors/hormones (n=250) were assessed. Greater than 90th percentile of BMI/WC references was defined as overweight/overwaist. Sleep duration, media consumption (TV watching/computer use), physical activity, dietary habits, parental BMI, socio-economic status and early infancy were assessed by questionnaire. Short sleep was defined as &lt;10 h per day for children &lt;10 years and otherwise &lt;9 h per day</subfield>
  </datafield>
  <datafield tag="520" ind1=" " ind2=" ">
   <subfield code="a">RESULTS: Total 15.9% participants were overweight, mean sleep duration was 8.9+/-1.3 h per day. Age explained most variance in sleep (girls: 57.0%; boys: 41.2%) besides a high nutrition quality score (girls: 0.9%) and a low media consumption (boys: 1.3%). Sleep was inversely associated with BMI SDS/WC z-score (girls: r=-0.17/-0.19, P&lt;0.05; boys: r=-0.21/-0.20, P&lt;0.01), which was strengthened after adjusting for confounders. Short vs long sleep was associated with 5.5-/2.3-fold higher risks for obesity/overwaist (girls). After adjusting for age, REE (adjusted for fat-free mass) was positively associated with sleep in boys (r=0.16, P&lt;0.05). Independently of age and WC z-score, short sleep was associated with lower adiponectin levels in boys (11.7 vs 14.4 microg/ml, P&lt;0.05); leptin levels were inversely related to sleep in girls (r=-0.23, P&lt;0.05). Homoeostasis model assessment-insulin resistance (r=-0.20, P&lt;0.05) and insulin levels (r=-0.20, P&lt;0.05) were associated with sleep (girls), which depended on WC z-score</subfield>
  </datafield>
  <datafield tag="520" ind1=" " ind2=" ">
   <subfield code="a">CONCLUSIONS: Age mostly determined sleep. Short sleep was related to a higher BMI SDS/WC z-score (girls/boys), a lower REE (boys), higher leptin (girls) and lower adiponectin levels (boys)</subfield>
  </datafield>
  <datafield tag="653" ind1=" " ind2="2">
   <subfield code="a">Adiponectin</subfield>
   <subfield code="6">D052242</subfield>
   <subfield code="a">*blood</subfield>
   <subfield code="6">Q000097</subfield>
  </datafield>
  <datafield tag="653" ind1=" " ind2="2">
   <subfield code="a">Adolescent</subfield>
   <subfield code="6">D000293</subfield>
  </datafield>
  <datafield tag="653" ind1=" " ind2="2">
   <subfield code="a">Age Factors</subfield>
   <subfield code="6">D000367</subfield>
  </datafield>
  <datafield tag="653" ind1=" " ind2="2">
   <subfield code="a">Body Mass Index</subfield>
   <subfield code="6">D015992</subfield>
  </datafield>
  <datafield tag="653" ind1=" " ind2="2">
   <subfield code="a">*Body Weights and Measures</subfield>
   <subfield code="6">D001837</subfield>
  </datafield>
  <datafield tag="653" ind1=" " ind2="2">
   <subfield code="a">Child</subfield>
   <subfield code="6">D002648</subfield>
  </datafield>
  <datafield tag="653" ind1=" " ind2="2">
   <subfield code="a">Computers</subfield>
   <subfield code="6">D003201</subfield>
  </datafield>
  <datafield tag="653" ind1=" " ind2="2">
   <subfield code="a">Diet</subfield>
   <subfield code="6">D004032</subfield>
   <subfield code="a">standards</subfield>
   <subfield code="6">Q000592</subfield>
  </datafield>
  <datafield tag="653" ind1=" " ind2="2">
   <subfield code="a">Energy Metabolism</subfield>
   <subfield code="6">D004734</subfield>
  </datafield>
  <datafield tag="653" ind1=" " ind2="2">
   <subfield code="a">Female</subfield>
   <subfield code="6">D005260</subfield>
  </datafield>
  <datafield tag="653" ind1=" " ind2="2">
   <subfield code="a">Humans</subfield>
   <subfield code="6">D006801</subfield>
  </datafield>
  <datafield tag="653" ind1=" " ind2="2">
   <subfield code="a">Incidence</subfield>
   <subfield code="6">D015994</subfield>
  </datafield>
  <datafield tag="653" ind1=" " ind2="2">
   <subfield code="a">Insulin</subfield>
   <subfield code="6">D007328</subfield>
   <subfield code="a">blood</subfield>
   <subfield code="6">Q000097</subfield>
  </datafield>
  <datafield tag="653" ind1=" " ind2="2">
   <subfield code="a">*Insulin Resistance</subfield>
   <subfield code="6">D007333</subfield>
  </datafield>
  <datafield tag="653" ind1=" " ind2="2">
   <subfield code="a">Leptin</subfield>
   <subfield code="6">D020738</subfield>
   <subfield code="a">*blood</subfield>
   <subfield code="6">Q000097</subfield>
  </datafield>
  <datafield tag="653" ind1=" " ind2="2">
   <subfield code="a">Male</subfield>
   <subfield code="6">D008297</subfield>
  </datafield>
  <datafield tag="653" ind1=" " ind2="2">
   <subfield code="a">Nutritional Status</subfield>
   <subfield code="6">D009752</subfield>
  </datafield>
  <datafield tag="653" ind1=" " ind2="2">
   <subfield code="a">Obesity</subfield>
   <subfield code="6">D009765</subfield>
   <subfield code="a">blood</subfield>
   <subfield code="6">Q000097</subfield>
   <subfield code="a">epidemiology</subfield>
   <subfield code="6">Q000453</subfield>
   <subfield code="a">*etiology</subfield>
   <subfield code="6">Q000209</subfield>
  </datafield>
  <datafield tag="653" ind1=" " ind2="2">
   <subfield code="a">Risk Factors</subfield>
   <subfield code="6">D012307</subfield>
  </datafield>
  <datafield tag="653" ind1=" " ind2="2">
   <subfield code="a">Sex Factors</subfield>
   <subfield code="6">D012737</subfield>
  </datafield>
  <datafield tag="653" ind1=" " ind2="2">
   <subfield code="a">Sleep</subfield>
   <subfield code="6">D012890</subfield>
   <subfield code="a">*physiology</subfield>
   <subfield code="6">Q000502</subfield>
  </datafield>
  <datafield tag="653" ind1=" " ind2="2">
   <subfield code="a">Television</subfield>
   <subfield code="6">D013690</subfield>
  </datafield>
  <datafield tag="653" ind1=" " ind2="2">
   <subfield code="a">Time Factors</subfield>
   <subfield code="6">D013997</subfield>
  </datafield>
  <datafield tag="653" ind1=" " ind2="2">
   <subfield code="a">Waist Circumference</subfield>
   <subfield code="6">D055105</subfield>
  </datafield>
  <datafield tag="653" ind1=" " ind2="2">
   <subfield code="a">Young Adult</subfield>
   <subfield code="6">D055815</subfield>
  </datafield>
  <datafield tag="653" ind1=" " ind2=" ">
   <subfield code="a">Journal Article</subfield>
  </datafield>
  <datafield tag="653" ind1=" " ind2=" ">
   <subfield code="a">Research Support, Non-U.S. Gov't</subfield>
  </datafield>
  <datafield tag="653" ind1=" " ind2=" ">
   <subfield code="a">Adiponectin</subfield>
  </datafield>
  <datafield tag="653" ind1=" " ind2=" ">
   <subfield code="a">Insulin</subfield>
  </datafield>
  <datafield tag="653" ind1=" " ind2=" ">
   <subfield code="a">Leptin</subfield>
  </datafield>
  <datafield tag="700" ind1="1" ind2=" ">
   <subfield code="a">Bosy-Westphal, A</subfield>
   <subfield code="e">verfasserin</subfield>
   <subfield code="4">aut</subfield>
  </datafield>
  <datafield tag="700" ind1="1" ind2=" ">
   <subfield code="a">Bielfeldt, F</subfield>
   <subfield code="e">verfasserin</subfield>
   <subfield code="4">aut</subfield>
  </datafield>
  <datafield tag="700" ind1="1" ind2=" ">
   <subfield code="a">Settler, U</subfield>
   <subfield code="e">verfasserin</subfield>
   <subfield code="4">aut</subfield>
  </datafield>
  <datafield tag="700" ind1="1" ind2=" ">
   <subfield code="a">Plachta-Danielzik, S</subfield>
   <subfield code="e">verfasserin</subfield>
   <subfield code="4">aut</subfield>
  </datafield>
  <datafield tag="700" ind1="1" ind2=" ">
   <subfield code="a">Pfeuffer, M</subfield>
   <subfield code="e">verfasserin</subfield>
   <subfield code="4">aut</subfield>
  </datafield>
  <datafield tag="700" ind1="1" ind2=" ">
   <subfield code="a">Schrezenmeir, J</subfield>
   <subfield code="e">verfasserin</subfield>
   <subfield code="4">aut</subfield>
  </datafield>
  <datafield tag="700" ind1="1" ind2=" ">
   <subfield code="a">M&#xF6;nig, H</subfield>
   <subfield code="e">verfasserin</subfield>
   <subfield code="4">aut</subfield>
  </datafield>
  <datafield tag="700" ind1="1" ind2=" ">
   <subfield code="a">M&#xFC;ller, M J</subfield>
   <subfield code="e">verfasserin</subfield>
   <subfield code="4">aut</subfield>
  </datafield>
  <datafield tag="773" ind1="0" ind2="8">
   <subfield code="i">in</subfield>
   <subfield code="t">European journal of clinical nutrition</subfield>
   <subfield code="g">Vol. 63, No. 6 (2009), p. 739-46</subfield>
   <subfield code="q">63:6&lt;739-46</subfield>
   <subfield code="w">(DE-601)NLM012673536</subfield>
   <subfield code="x">1476-5640</subfield>
  </datafield>
  <datafield tag="856" ind1="4" ind2="1">
   <subfield code="u">http://dx.doi.org/10.1038/ejcn.2008.41</subfield>
   <subfield code="3">Volltext</subfield>
  </datafield>
  <datafield tag="912" ind1=" " ind2=" ">
   <subfield code="a">GBV_NLM</subfield>
  </datafield>
  <datafield tag="951" ind1=" " ind2=" ">
   <subfield code="a">AR</subfield>
  </datafield>
  <datafield tag="952" ind1=" " ind2=" ">
   <subfield code="d">63</subfield>
   <subfield code="j">2009</subfield>
   <subfield code="e">6</subfield>
   <subfield code="c">06</subfield>
   <subfield code="h">739-46</subfield>
  </datafield>
 <format>electronic Article</format></record>