


<record xmlns:xsi="http://www.w3.org/2001/XMLSchema-instance" xmlns="http://www.loc.gov/MARC21/slim" xsi:schemaLocation="http://www.loc.gov/MARC21/slim http://www.loc.gov/standards/marcxml/schema/MARC21slim.xsd" type="Bibliographic">
  <leader>02238naa a2200325 c 4500</leader>
  <controlfield tag="001">NLM265914000</controlfield>
  <controlfield tag="003">DE-601</controlfield>
  <controlfield tag="005">20180206144313.0</controlfield>
  <controlfield tag="008">180206s2016                  000 0 eng d</controlfield>
  <datafield tag="028" ind1="5" ind2="2">
   <subfield code="a">pubmed18n0886.xml</subfield>
  </datafield>
  <datafield tag="035" ind1=" " ind2=" ">
   <subfield code="a">(DE-599)NLM27803814</subfield>
  </datafield>
  <datafield tag="040" ind1=" " ind2=" ">
   <subfield code="b">ger</subfield>
   <subfield code="c">GBVCP</subfield>
  </datafield>
  <datafield tag="041" ind1="0" ind2=" ">
   <subfield code="a">eng</subfield>
  </datafield>
  <datafield tag="100" ind1="1" ind2=" ">
   <subfield code="a">Dolley-Hitze, Thibault</subfield>
  </datafield>
  <datafield tag="245" ind1="1" ind2="0">
   <subfield code="a">Is Anticoagulation Discontinuation Achievable with Citrate Dialysate during HDF Sessions?</subfield>
  </datafield>
  <datafield tag="500" ind1=" " ind2=" ">
   <subfield code="a">Date Revised 16.08.2017</subfield>
  </datafield>
  <datafield tag="500" ind1=" " ind2=" ">
   <subfield code="a">published: Print-Electronic</subfield>
  </datafield>
  <datafield tag="500" ind1=" " ind2=" ">
   <subfield code="a">Cites: Blood Purif. 2015;39(1-3):181-7. - PMID 25791278</subfield>
  </datafield>
  <datafield tag="500" ind1=" " ind2=" ">
   <subfield code="a">Citation Status PubMed-not-MEDLINE</subfield>
  </datafield>
  <datafield tag="500" ind1=" " ind2=" ">
   <subfield code="a">Copyright: From MEDLINE&#xAE;/PubMed&#xAE;, a database of the U.S. National Library of Medicine</subfield>
  </datafield>
  <datafield tag="520" ind1=" " ind2=" ">
   <subfield code="a">Citrate dialysate has been developed for few years to replace acetate and HCl concentrates. In Online Postdilution Hemodiafiltration (OL-POST-HDF), several issues are remaining concerning the possibility of stopping anticoagulation during sessions and the side effects of citrate solutions on calcium metabolism. This 1-year monocentric retrospective study included all patients exposed to citrate in OL-POST-HDF with nadroparin decrease for more than one month. Clotting events, serum calcium, PTH, hemoglobin, CRP, depuration parameters, and treatments administrated were recorded for analysis. 27 patients experienced nadroparin decrease and 5 did not receive nadroparin at the end of the study. Nadroparin decrease and withdrawal were both associated with more clotting events whereas the use of vitamin K antagonists was protective. No significant metabolic side effects were observed. Citrate dialysate does not allow anticoagulation discontinuation or decrease but has no significant side effects on mineral bone metabolism or erythropoiesis</subfield>
  </datafield>
  <datafield tag="653" ind1=" " ind2=" ">
   <subfield code="a">Journal Article</subfield>
  </datafield>
  <datafield tag="700" ind1="1" ind2=" ">
   <subfield code="a">Oger, Emmanuel</subfield>
   <subfield code="e">verfasserin</subfield>
   <subfield code="4">aut</subfield>
  </datafield>
  <datafield tag="700" ind1="1" ind2=" ">
   <subfield code="a">Hamel, Didier</subfield>
   <subfield code="e">verfasserin</subfield>
   <subfield code="4">aut</subfield>
  </datafield>
  <datafield tag="700" ind1="1" ind2=" ">
   <subfield code="a">Lombart, Marie-Laure</subfield>
   <subfield code="e">verfasserin</subfield>
   <subfield code="4">aut</subfield>
  </datafield>
  <datafield tag="700" ind1="1" ind2=" ">
   <subfield code="a">Herm&#xE8;s, Isabelle</subfield>
   <subfield code="e">verfasserin</subfield>
   <subfield code="4">aut</subfield>
  </datafield>
  <datafield tag="773" ind1="0" ind2="8">
   <subfield code="i">in</subfield>
   <subfield code="t">International journal of nephrology</subfield>
   <subfield code="g">Vol. 2016 (2016), p. 9185413</subfield>
   <subfield code="q">2016&lt;9185413</subfield>
   <subfield code="w">(DE-601)NLM204302366</subfield>
   <subfield code="x">2090-214X</subfield>
  </datafield>
  <datafield tag="912" ind1=" " ind2=" ">
   <subfield code="a">GBV_NLM</subfield>
  </datafield>
  <datafield tag="951" ind1=" " ind2=" ">
   <subfield code="a">AR</subfield>
  </datafield>
  <datafield tag="952" ind1=" " ind2=" ">
   <subfield code="d">2016</subfield>
   <subfield code="j">2016</subfield>
   <subfield code="h">9185413</subfield>
  </datafield>
 <format>Article</format></record>