


<record xmlns:xsi="http://www.w3.org/2001/XMLSchema-instance" xmlns="http://www.loc.gov/MARC21/slim" xsi:schemaLocation="http://www.loc.gov/MARC21/slim http://www.loc.gov/standards/marcxml/schema/MARC21slim.xsd" type="Bibliographic">
  <leader>01579ngm a2200409 c 4500</leader>
  <controlfield tag="001">817715355</controlfield>
  <controlfield tag="003">DE-601</controlfield>
  <controlfield tag="005">20190123202352.0</controlfield>
  <controlfield tag="007">vu uvuuuu</controlfield>
  <controlfield tag="008">150209s2015    gw            000 0 ger d</controlfield>
  <datafield tag="024" ind1="3" ind2=" ">
   <subfield code="a">4052912472693</subfield>
  </datafield>
  <datafield tag="028" ind1="5" ind2="2">
   <subfield code="a">4052912472693</subfield>
  </datafield>
  <datafield tag="035" ind1=" " ind2=" ">
   <subfield code="a">(DE-599)GBV817715355</subfield>
  </datafield>
  <datafield tag="040" ind1=" " ind2=" ">
   <subfield code="b">ger</subfield>
   <subfield code="c">GBVCP</subfield>
   <subfield code="e">rda</subfield>
  </datafield>
  <datafield tag="041" ind1="0" ind2=" ">
   <subfield code="a">ger</subfield>
  </datafield>
  <datafield tag="245" ind1="0" ind2="0">
   <subfield code="a">Spreewald Krimi</subfield>
   <subfield code="h">Bildmaterial</subfield>
   <subfield code="c">Regie: Kai Wessel; Christian von Castelberg; Thomas Roth ...</subfield>
  </datafield>
  <datafield tag="246" ind1="3" ind2="0">
   <subfield code="a">Spreewaldkrimi</subfield>
  </datafield>
  <datafield tag="264" ind1="3" ind2="1">
   <subfield code="a">[S.l.]</subfield>
   <subfield code="b">Studio Hamburg Enterprises GmbH</subfield>
   <subfield code="c">2015</subfield>
  </datafield>
  <datafield tag="300" ind1=" " ind2=" ">
   <subfield code="a">4 DVD-Video (ca. 630 Min.)</subfield>
   <subfield code="b">farb., dolby digital 2.0</subfield>
  </datafield>
  <datafield tag="336" ind1=" " ind2=" ">
   <subfield code="a">zweidimensionales bewegtes Bild</subfield>
   <subfield code="b">tdi</subfield>
   <subfield code="2">rdacontent</subfield>
  </datafield>
  <datafield tag="337" ind1=" " ind2=" ">
   <subfield code="a">video</subfield>
   <subfield code="b">v</subfield>
   <subfield code="2">rdamedia</subfield>
  </datafield>
  <datafield tag="338" ind1=" " ind2=" ">
   <subfield code="a">Videodisk</subfield>
   <subfield code="b">vd</subfield>
   <subfield code="2">rdacarrier</subfield>
  </datafield>
  <datafield tag="500" ind1=" " ind2=" ">
   <subfield code="a">Die Vorlage enth&#xE4;lt insgesamt 7 Werke</subfield>
  </datafield>
  <datafield tag="500" ind1=" " ind2=" ">
   <subfield code="a">FSK ab 12 freigegeben</subfield>
  </datafield>
  <datafield tag="501" ind1=" " ind2=" ">
   <subfield code="a">Das Geheimnis im Moor -- Der Tote im Spreewald -- Die Tr&#xE4;nen der Fische -- Eine t&#xF6;dliche Legende -- Feuerengel -- M&#xF6;rderische Hitze -- Die Tote im Weiher</subfield>
  </datafield>
  <datafield tag="546" ind1=" " ind2=" ">
   <subfield code="a">Sprachen: Deutsch</subfield>
  </datafield>
  <datafield tag="655" ind1="0" ind2="7">
   <subfield code="0">(DE-588)4585125-6</subfield>
   <subfield code="a">DVD-Video</subfield>
   <subfield code="2">gnd-carrier</subfield>
  </datafield>
  <datafield tag="700" ind1="1" ind2=" ">
   <subfield code="a">Wessel, Kai</subfield>
   <subfield code="0">(DE-601)512721637</subfield>
   <subfield code="0">(DE-588)131688847</subfield>
  </datafield>
  <datafield tag="700" ind1="1" ind2=" ">
   <subfield code="a">Richter, Roland Suso</subfield>
   <subfield code="0">(DE-601)082655626</subfield>
   <subfield code="0">(DE-588)123604648</subfield>
  </datafield>
  <datafield tag="700" ind1="1" ind2=" ">
   <subfield code="a">Castelberg, Christian von</subfield>
   <subfield code="0">(DE-601)621590517</subfield>
   <subfield code="0">(DE-588)140750932</subfield>
  </datafield>
  <datafield tag="912" ind1=" " ind2=" ">
   <subfield code="a">GBV_ILN_34</subfield>
  </datafield>
  <datafield tag="912" ind1=" " ind2=" ">
   <subfield code="a">SYSFLAG_1</subfield>
  </datafield>
  <datafield tag="912" ind1=" " ind2=" ">
   <subfield code="a">GBV_GVK</subfield>
  </datafield>
  <datafield tag="912" ind1=" " ind2=" ">
   <subfield code="a">GBV_ILN_227</subfield>
  </datafield>
  <datafield tag="951" ind1=" " ind2=" ">
   <subfield code="a">BO</subfield>
   <subfield code="b">j</subfield>
  </datafield>
  <datafield tag="980" ind1=" " ind2=" ">
   <subfield code="2">34</subfield>
   <subfield code="1">01</subfield>
   <subfield code="b">1524060615</subfield>
   <subfield code="f">18/285</subfield>
   <subfield code="d">VD 1410</subfield>
   <subfield code="e">c</subfield>
   <subfield code="l">HMS</subfield>
   <subfield code="x">3551</subfield>
   <subfield code="y">zi005</subfield>
   <subfield code="z">09-02-15</subfield>
  </datafield>
  <datafield tag="980" ind1=" " ind2=" ">
   <subfield code="2">227</subfield>
   <subfield code="1">01</subfield>
   <subfield code="b">1750734478</subfield>
   <subfield code="e">c</subfield>
   <subfield code="x">0056</subfield>
   <subfield code="y">x</subfield>
   <subfield code="z">15-02-18</subfield>
  </datafield>
 <format>Motion Picture</format></record>