


<record xmlns:xsi="http://www.w3.org/2001/XMLSchema-instance" xmlns="http://www.loc.gov/MARC21/slim" xsi:schemaLocation="http://www.loc.gov/MARC21/slim http://www.loc.gov/standards/marcxml/schema/MARC21slim.xsd" type="Bibliographic">
  <leader>14733nmm a2201921 c 4500</leader>
  <controlfield tag="001">856170968</controlfield>
  <controlfield tag="003">DE-601</controlfield>
  <controlfield tag="005">20190120041153.0</controlfield>
  <controlfield tag="007">cr uuu---uuuuu</controlfield>
  <controlfield tag="008">160405s2016    gw      o     000 0 ger d</controlfield>
  <datafield tag="020" ind1=" " ind2=" ">
   <subfield code="a">9783662487624</subfield>
   <subfield code="9">978-3-662-48762-4</subfield>
  </datafield>
  <datafield tag="020" ind1=" " ind2=" ">
   <subfield code="a">9783662487617 (print)</subfield>
   <subfield code="9">978-3-662-48761-7</subfield>
  </datafield>
  <datafield tag="024" ind1="7" ind2=" ">
   <subfield code="a">10.1007/978-3-662-48762-4</subfield>
   <subfield code="2">doi</subfield>
  </datafield>
  <datafield tag="035" ind1=" " ind2=" ">
   <subfield code="a">978-3-662-48762-4</subfield>
  </datafield>
  <datafield tag="035" ind1=" " ind2=" ">
   <subfield code="a">(DE-599)GBV856170968</subfield>
  </datafield>
  <datafield tag="040" ind1=" " ind2=" ">
   <subfield code="b">ger</subfield>
   <subfield code="c">GBVCP</subfield>
   <subfield code="e">rda</subfield>
  </datafield>
  <datafield tag="041" ind1="0" ind2=" ">
   <subfield code="a">ger</subfield>
  </datafield>
  <datafield tag="050" ind1=" " ind2="0">
   <subfield code="a">R733</subfield>
  </datafield>
  <datafield tag="082" ind1="0" ind2="0">
   <subfield code="a">610</subfield>
  </datafield>
  <datafield tag="084" ind1=" " ind2=" ">
   <subfield code="a">MX</subfield>
   <subfield code="2">bic</subfield>
  </datafield>
  <datafield tag="084" ind1=" " ind2=" ">
   <subfield code="a">MED004000</subfield>
   <subfield code="2">bisac</subfield>
  </datafield>
  <datafield tag="100" ind1="1" ind2=" ">
   <subfield code="a">Baur-M&#xFC;ller, Birgit</subfield>
   <subfield code="e">verfasserin</subfield>
   <subfield code="4">aut</subfield>
   <subfield code="0">(DE-601)86029790X</subfield>
   <subfield code="0">(DE-588)1102379557</subfield>
  </datafield>
  <datafield tag="245" ind1="1" ind2="0">
   <subfield code="a">Westliche Heilpflanzen in der chinesischen Medizin</subfield>
   <subfield code="h">Elektronische Ressource</subfield>
   <subfield code="b">Von der Musterdiagnose zur Rezeptur</subfield>
   <subfield code="c">von Birgit Baur-M&#xFC;ller</subfield>
  </datafield>
  <datafield tag="250" ind1=" " ind2=" ">
   <subfield code="a">1. Aufl. 2016</subfield>
  </datafield>
  <datafield tag="264" ind1="3" ind2="1">
   <subfield code="a">Berlin, Heidelberg</subfield>
   <subfield code="b">Springer Berlin Heidelberg</subfield>
   <subfield code="c">2016</subfield>
  </datafield>
  <datafield tag="300" ind1=" " ind2=" ">
   <subfield code="a">1 Online-Ressource (433 p)</subfield>
  </datafield>
  <datafield tag="336" ind1=" " ind2=" ">
   <subfield code="a">Text</subfield>
   <subfield code="b">txt</subfield>
   <subfield code="2">rdacontent</subfield>
  </datafield>
  <datafield tag="337" ind1=" " ind2=" ">
   <subfield code="a">Computermedien</subfield>
   <subfield code="b">c</subfield>
   <subfield code="2">rdamedia</subfield>
  </datafield>
  <datafield tag="338" ind1=" " ind2=" ">
   <subfield code="a">Online-Ressource</subfield>
   <subfield code="b">cr</subfield>
   <subfield code="2">rdacarrier</subfield>
  </datafield>
  <datafield tag="520" ind1=" " ind2=" ">
   <subfield code="a">I. Funktionskreise nach Wandlungsphasen -- 1. Funktionskreis Lunge/Dickdarm.-2. Funktionskreis Milz/Magen -- 3. Funktionskreis Niere/Blase -- 4. Funktionskreis Herz/D&#xFC;nndarm -- 5. Funktionskreis Leber/Gallenblase -- II.Spezielle F&#xE4;cher -- 6. Gyn&#xE4;kologie.-7. Kinderheilkunde -- 8. Autoimmunerkrankungen</subfield>
  </datafield>
  <datafield tag="520" ind1=" " ind2=" ">
   <subfield code="a">Melisse, Baldrian und Co - ihr Einsatz in der TCM Das Buch beschreibt umfassend und praxisnah, wie die Integration von westlichen Kr&#xE4;utern in den Alltag einer Praxis f&#xFC;r chinesische Medizin gelingt. Dabei werden die chinesischen Syndrommuster anhand der f&#xFC;nf Wandlungsphasen &#xFC;bersichtlich und pr&#xE4;gnant vorgestellt. In weiterer Folge nimmt die Autorin aus ihrer eigenen f&#xFC;nfzehnj&#xE4;hrigen Erfahrung eine Musterdifferenzierung f&#xFC;r die jeweiligen Wandlungsphasen vor und listet passende Rezepturvorschl&#xE4;ge auf. Abgerundet werden die Kapitel zu den Funktionskreisen mit passenden Pflanzenportraits samt Foto und klinischen Fallvorstellungen mit Angabe von Diagnose, Rezepturanalyse und Verlauf. Besondere Aspekte zu Gyn&#xE4;kologie, Kinderheilkunde und Autoimmunerkrankungen sind ebenso enthalten. Das Buch eignet sich zum Nachschlagen und Kennenlernen der Kr&#xE4;uter und wendet sich sowohl an erfahrene Praktiker der chinesischen Medizin als auch an Einsteiger, die ihr Wissen vertiefen m&#xF6;chten. Inhalt: &#xB7; Funktionen, Regulation und Physiologie der chinesischen Syndrommuster &#xB7; Rezeptvorschl&#xE4;ge f&#xFC;r die f&#xFC;nf Wandlungsphasen &#xB7; Vorstellung von 88 heimischen Heilpflanzen &#xB7; Falldiskussionen &#xB7; Sonderkapitel Gyn&#xE4;kologie, Kinderheilkunde, Autoimmunerkrankung Autorin: Birgit Baur-M&#xFC;ller, Studium der Humanmedizin, Akupunktur Ausbildung bei D&#xC4;GfA sowie Studium der chinesischen Medizin, seit 15 Jahren private Praxis f&#xFC;r chinesische Medizin</subfield>
  </datafield>
  <datafield tag="533" ind1=" " ind2=" ">
   <subfield code="a">Online edition</subfield>
   <subfield code="f">Springer eBook Collection. Medicine</subfield>
  </datafield>
  <datafield tag="650" ind1=" " ind2="7">
   <subfield code="0">(DE-601)106300474</subfield>
   <subfield code="0">(DE-588)4024076-9</subfield>
   <subfield code="a">Heilpflanzen</subfield>
   <subfield code="2">gnd</subfield>
  </datafield>
  <datafield tag="650" ind1=" " ind2="7">
   <subfield code="0">(DE-601)105831034</subfield>
   <subfield code="0">(DE-588)4113215-4</subfield>
   <subfield code="a">Chinesische Medizin</subfield>
   <subfield code="2">gnd</subfield>
  </datafield>
  <datafield tag="650" ind1=" " ind2="7">
   <subfield code="0">(DE-601)104757493</subfield>
   <subfield code="0">(DE-588)4045998-6</subfield>
   <subfield code="a">Phytotherapie</subfield>
   <subfield code="2">gnd</subfield>
  </datafield>
  <datafield tag="650" ind1=" " ind2="0">
   <subfield code="a">Medicine</subfield>
  </datafield>
  <datafield tag="650" ind1=" " ind2="0">
   <subfield code="a">Pharmacology</subfield>
  </datafield>
  <datafield tag="650" ind1=" " ind2="0">
   <subfield code="a">Complementary medicine</subfield>
  </datafield>
  <datafield tag="651" ind1=" " ind2="7">
   <subfield code="0">(DE-601)104289007</subfield>
   <subfield code="0">(DE-588)4015701-5</subfield>
   <subfield code="a">Europa</subfield>
   <subfield code="2">gnd</subfield>
  </datafield>
  <datafield tag="653" ind1=" " ind2="0">
   <subfield code="a">Complementary medicine</subfield>
  </datafield>
  <datafield tag="653" ind1=" " ind2="0">
   <subfield code="a">Medicine</subfield>
  </datafield>
  <datafield tag="653" ind1=" " ind2="0">
   <subfield code="a">Medicine &amp; Public Health</subfield>
  </datafield>
  <datafield tag="653" ind1=" " ind2="0">
   <subfield code="a">Pharmacology</subfield>
  </datafield>
  <datafield tag="689" ind1="0" ind2="0">
   <subfield code="0">(DE-601)104289007</subfield>
   <subfield code="0">(DE-588)4015701-5</subfield>
   <subfield code="D">g</subfield>
   <subfield code="a">Europa</subfield>
  </datafield>
  <datafield tag="689" ind1="0" ind2="1">
   <subfield code="0">(DE-601)106300474</subfield>
   <subfield code="0">(DE-588)4024076-9</subfield>
   <subfield code="D">s</subfield>
   <subfield code="a">Heilpflanzen</subfield>
  </datafield>
  <datafield tag="689" ind1="0" ind2="2">
   <subfield code="0">(DE-601)105831034</subfield>
   <subfield code="0">(DE-588)4113215-4</subfield>
   <subfield code="D">s</subfield>
   <subfield code="a">Chinesische Medizin</subfield>
  </datafield>
  <datafield tag="689" ind1="0" ind2="3">
   <subfield code="0">(DE-601)104757493</subfield>
   <subfield code="0">(DE-588)4045998-6</subfield>
   <subfield code="D">s</subfield>
   <subfield code="a">Phytotherapie</subfield>
  </datafield>
  <datafield tag="689" ind1="0" ind2=" ">
   <subfield code="5">DE-601</subfield>
  </datafield>
  <datafield tag="856" ind1="4" ind2="1">
   <subfield code="u">http://gbv.eblib.com/patron/FullRecord.aspx?p=4442131</subfield>
   <subfield code="3">Volltext</subfield>
  </datafield>
  <datafield tag="856" ind1="4" ind2="0">
   <subfield code="u">http://dx.doi.org/10.1007/978-3-662-48762-4</subfield>
  </datafield>
  <datafield tag="856" ind1="4" ind2="2">
   <subfield code="u">https://external.dandelon.com/download/attachments/dandelon/ids/AT0019FDD0BF7DA2C1C1AC1257FB9003929A4.pdf</subfield>
   <subfield code="m">V:DE-601;B:AGI</subfield>
   <subfield code="q">pdf/application</subfield>
   <subfield code="3">Inhaltsverzeichnis</subfield>
  </datafield>
  <datafield tag="912" ind1=" " ind2=" ">
   <subfield code="a">ZDB-2-SMD</subfield>
   <subfield code="b">2016</subfield>
  </datafield>
  <datafield tag="912" ind1=" " ind2=" ">
   <subfield code="a">GBV_ILN_22</subfield>
  </datafield>
  <datafield tag="912" ind1=" " ind2=" ">
   <subfield code="a">SYSFLAG_1</subfield>
  </datafield>
  <datafield tag="912" ind1=" " ind2=" ">
   <subfield code="a">GBV_GVK</subfield>
  </datafield>
  <datafield tag="912" ind1=" " ind2=" ">
   <subfield code="a">GBV_ILN_22_i06404</subfield>
  </datafield>
  <datafield tag="912" ind1=" " ind2=" ">
   <subfield code="a">ZDB-2-SMD</subfield>
   <subfield code="b">2016</subfield>
  </datafield>
  <datafield tag="912" ind1=" " ind2=" ">
   <subfield code="a">GBV_ILN_24</subfield>
  </datafield>
  <datafield tag="912" ind1=" " ind2=" ">
   <subfield code="a">ZDB-2-SMD</subfield>
   <subfield code="b">2016</subfield>
  </datafield>
  <datafield tag="912" ind1=" " ind2=" ">
   <subfield code="a">GBV_ILN_31</subfield>
  </datafield>
  <datafield tag="912" ind1=" " ind2=" ">
   <subfield code="a">ZDB-2-SMD</subfield>
   <subfield code="b">2016</subfield>
  </datafield>
  <datafield tag="912" ind1=" " ind2=" ">
   <subfield code="a">GBV_ILN_34</subfield>
  </datafield>
  <datafield tag="912" ind1=" " ind2=" ">
   <subfield code="a">ZDB-2-SMD</subfield>
   <subfield code="b">2016</subfield>
  </datafield>
  <datafield tag="912" ind1=" " ind2=" ">
   <subfield code="a">GBV_ILN_62</subfield>
  </datafield>
  <datafield tag="912" ind1=" " ind2=" ">
   <subfield code="a">ZDB-2-SMD</subfield>
   <subfield code="b">2016</subfield>
  </datafield>
  <datafield tag="912" ind1=" " ind2=" ">
   <subfield code="a">GBV_ILN_65</subfield>
  </datafield>
  <datafield tag="912" ind1=" " ind2=" ">
   <subfield code="a">ZDB-2-SMD</subfield>
   <subfield code="b">2016</subfield>
  </datafield>
  <datafield tag="912" ind1=" " ind2=" ">
   <subfield code="a">GBV_ILN_69</subfield>
  </datafield>
  <datafield tag="912" ind1=" " ind2=" ">
   <subfield code="a">ZDB-2-SMD</subfield>
   <subfield code="b">2016</subfield>
  </datafield>
  <datafield tag="912" ind1=" " ind2=" ">
   <subfield code="a">GBV_ILN_74</subfield>
  </datafield>
  <datafield tag="912" ind1=" " ind2=" ">
   <subfield code="a">ZDB-2-SMD</subfield>
   <subfield code="b">2016</subfield>
  </datafield>
  <datafield tag="912" ind1=" " ind2=" ">
   <subfield code="a">GBV_ILN_91</subfield>
  </datafield>
  <datafield tag="912" ind1=" " ind2=" ">
   <subfield code="a">ZDB-2-SMD</subfield>
   <subfield code="b">2016</subfield>
  </datafield>
  <datafield tag="912" ind1=" " ind2=" ">
   <subfield code="a">GBV_ILN_100</subfield>
  </datafield>
  <datafield tag="912" ind1=" " ind2=" ">
   <subfield code="a">ZDB-2-SMD</subfield>
   <subfield code="b">2016</subfield>
  </datafield>
  <datafield tag="912" ind1=" " ind2=" ">
   <subfield code="a">GBV_ILN_101</subfield>
  </datafield>
  <datafield tag="912" ind1=" " ind2=" ">
   <subfield code="a">ZDB-2-SMD</subfield>
   <subfield code="b">2016</subfield>
  </datafield>
  <datafield tag="912" ind1=" " ind2=" ">
   <subfield code="a">GBV_ILN_105</subfield>
  </datafield>
  <datafield tag="912" ind1=" " ind2=" ">
   <subfield code="a">ZDB-2-SMD</subfield>
   <subfield code="b">2016</subfield>
  </datafield>
  <datafield tag="912" ind1=" " ind2=" ">
   <subfield code="a">GBV_ILN_120</subfield>
  </datafield>
  <datafield tag="912" ind1=" " ind2=" ">
   <subfield code="a">ZDB-2-SMD</subfield>
   <subfield code="b">2016</subfield>
  </datafield>
  <datafield tag="912" ind1=" " ind2=" ">
   <subfield code="a">GBV_ILN_122</subfield>
  </datafield>
  <datafield tag="912" ind1=" " ind2=" ">
   <subfield code="a">ZDB-2-SMD</subfield>
   <subfield code="b">2016</subfield>
  </datafield>
  <datafield tag="912" ind1=" " ind2=" ">
   <subfield code="a">GBV_ILN_130</subfield>
  </datafield>
  <datafield tag="912" ind1=" " ind2=" ">
   <subfield code="a">ZDB-2-SMD</subfield>
   <subfield code="b">2016</subfield>
  </datafield>
  <datafield tag="912" ind1=" " ind2=" ">
   <subfield code="a">GBV_ILN_140</subfield>
  </datafield>
  <datafield tag="912" ind1=" " ind2=" ">
   <subfield code="a">ZDB-2-SMD</subfield>
   <subfield code="b">2016</subfield>
  </datafield>
  <datafield tag="912" ind1=" " ind2=" ">
   <subfield code="a">GBV_ILN_160</subfield>
  </datafield>
  <datafield tag="912" ind1=" " ind2=" ">
   <subfield code="a">ZDB-2-SMD</subfield>
   <subfield code="b">2016</subfield>
  </datafield>
  <datafield tag="912" ind1=" " ind2=" ">
   <subfield code="a">GBV_ILN_186</subfield>
  </datafield>
  <datafield tag="912" ind1=" " ind2=" ">
   <subfield code="a">ZDB-2-SMD</subfield>
   <subfield code="b">2016</subfield>
  </datafield>
  <datafield tag="912" ind1=" " ind2=" ">
   <subfield code="a">GBV_ILN_213</subfield>
  </datafield>
  <datafield tag="912" ind1=" " ind2=" ">
   <subfield code="a">ZDB-2-SMD</subfield>
   <subfield code="b">2016</subfield>
  </datafield>
  <datafield tag="912" ind1=" " ind2=" ">
   <subfield code="a">GBV_ILN_230</subfield>
  </datafield>
  <datafield tag="912" ind1=" " ind2=" ">
   <subfield code="a">ZDB-2-SMD</subfield>
   <subfield code="b">2016</subfield>
  </datafield>
  <datafield tag="912" ind1=" " ind2=" ">
   <subfield code="a">GBV_ILN_264</subfield>
  </datafield>
  <datafield tag="951" ind1=" " ind2=" ">
   <subfield code="a">BO</subfield>
  </datafield>
  <datafield tag="980" ind1=" " ind2=" ">
   <subfield code="2">22</subfield>
   <subfield code="1">01</subfield>
   <subfield code="b">1609426061</subfield>
   <subfield code="k">Campuslizenz Universit&#xE4;t Hamburg. - Vervielf&#xE4;ltigungen (z.B. Kopien, Downloads) sind nur von einzelnen Kapiteln oder Seiten und nur zum eigenen wissenschaftlichen Gebrauch erlaubt. Keine Weitergabe an Dritte. Kein systematisches Downloaden durch Robots.</subfield>
   <subfield code="x">0018</subfield>
   <subfield code="y">zi06404</subfield>
   <subfield code="z">11-04-16</subfield>
  </datafield>
  <datafield tag="980" ind1=" " ind2=" ">
   <subfield code="2">24</subfield>
   <subfield code="1">01</subfield>
   <subfield code="b">160944678X</subfield>
   <subfield code="h">OLR-ESPMED</subfield>
   <subfield code="k">Ausdruck und Kopien sind ausschlie&#xDF;lich f&#xFC;r den eigenen wissenschaftlichen Gebrauch gestattet</subfield>
   <subfield code="k">Zugriff auf den Volltext nur f&#xFC;r Universit&#xE4;tsangeh&#xF6;rige innerhalb des Netzes der Universit&#xE4;t Kiel (Campuslizenz).</subfield>
   <subfield code="x">0008</subfield>
   <subfield code="y">z</subfield>
   <subfield code="z">11-04-16</subfield>
  </datafield>
  <datafield tag="980" ind1=" " ind2=" ">
   <subfield code="2">31</subfield>
   <subfield code="1">01</subfield>
   <subfield code="b">1609433998</subfield>
   <subfield code="h">OLR-SEB</subfield>
   <subfield code="k">Vervielf&#xE4;ltigungen (z.B. Kopien, Downloads) sind nur von einzelnen Kapiteln oder Seiten und nur zum eigenen wissenschaftlichen Gebrauch erlaubt. Keine Weitergabe an Dritte. Kein systematisches Downloaden.</subfield>
   <subfield code="x">0027</subfield>
   <subfield code="y">z</subfield>
   <subfield code="z">11-04-16</subfield>
  </datafield>
  <datafield tag="980" ind1=" " ind2=" ">
   <subfield code="2">34</subfield>
   <subfield code="1">01</subfield>
   <subfield code="b">160939643X</subfield>
   <subfield code="h">OLR-SEB-MED</subfield>
   <subfield code="k">Vervielf&#xE4;ltigungen (z.B. Kopien, Downloads) sind nur von einzelnen Kapiteln oder Seiten und nur zum eigenen wissenschaftlichen Gebrauch erlaubt. Keine Weitergabe an Dritte. Kein systematisches Downloaden durch Robots.</subfield>
   <subfield code="x">3551</subfield>
   <subfield code="y">zi002</subfield>
   <subfield code="z">11-04-16</subfield>
  </datafield>
  <datafield tag="980" ind1=" " ind2=" ">
   <subfield code="2">62</subfield>
   <subfield code="1">01</subfield>
   <subfield code="b">1720480966</subfield>
   <subfield code="k">Vervielf&#xE4;ltigungen (z.B. Kopien, Downloads) sind nur von einzelnen Kapiteln oder Seiten und nur zum eigenen wissenschaftlichen Gebrauch erlaubt. Keine Weitergabe an Dritte. Kein systematisches Downloaden durch Robots.</subfield>
   <subfield code="x">0028</subfield>
   <subfield code="y">z</subfield>
   <subfield code="z">03-11-17</subfield>
  </datafield>
  <datafield tag="980" ind1=" " ind2=" ">
   <subfield code="2">65</subfield>
   <subfield code="1">01</subfield>
   <subfield code="b">1609492064</subfield>
   <subfield code="d">ebook</subfield>
   <subfield code="h">OLR-SEB-ZDB-2-SMD</subfield>
   <subfield code="k">Vervielf&#xE4;ltigungen (z.B. Kopien, Downloads) sind nur von einzelnen Kapiteln oder Seiten und nur zum eigenen wissenschaftlichen Gebrauch erlaubt. Keine Weitergabe an Dritte. Kein systematisches Downloaden durch Robots.</subfield>
   <subfield code="x">0003</subfield>
   <subfield code="y">k3o</subfield>
   <subfield code="z">12-04-16</subfield>
  </datafield>
  <datafield tag="980" ind1=" " ind2=" ">
   <subfield code="2">69</subfield>
   <subfield code="1">01</subfield>
   <subfield code="b">1609445473</subfield>
   <subfield code="h">OLR-SEB-ZDB-2-SMD</subfield>
   <subfield code="k">Vervielf&#xE4;ltigungen (z.B. Kopien, Downloads) sind nur von einzelnen Kapiteln oder Seiten und nur zum eigenen wissenschaftlichen Gebrauch erlaubt. Keine Weitergabe an Dritte. Kein systematisches Downloaden durch Robots.</subfield>
   <subfield code="x">0009</subfield>
   <subfield code="y">z</subfield>
   <subfield code="z">11-04-16</subfield>
  </datafield>
  <datafield tag="980" ind1=" " ind2=" ">
   <subfield code="2">74</subfield>
   <subfield code="1">01</subfield>
   <subfield code="b">1609423518</subfield>
   <subfield code="f">E-Bibl</subfield>
   <subfield code="d">EK 0036</subfield>
   <subfield code="h">OLR-ESP</subfield>
   <subfield code="k">Vervielf&#xE4;ltigungen (z.B. Kopien, Downloads) sind nur von einzelnen Kapiteln oder Seiten und nur zum eigenen wissenschaftlichen Gebrauch erlaubt. Keine Weitergabe an Dritte. Kein systematisches Downloaden.</subfield>
   <subfield code="x">0354</subfield>
   <subfield code="y">ze</subfield>
   <subfield code="z">11-04-16</subfield>
  </datafield>
  <datafield tag="980" ind1=" " ind2=" ">
   <subfield code="2">91</subfield>
   <subfield code="1">01</subfield>
   <subfield code="b">1609382609</subfield>
   <subfield code="h">OLR-SEB</subfield>
   <subfield code="k">Vervielf&#xE4;ltigungen (z.B. Kopien, Downloads) sind nur von einzelnen Kapiteln oder Seiten und nur zum eigenen wissenschaftlichen Gebrauch erlaubt. Keine Weitergabe an Dritte. Kein systematisches Downloaden durch Robots.</subfield>
   <subfield code="k">Freie Nutzung im Campusnetz der Hochschule und f&#xFC;r registrierte Benutzer</subfield>
   <subfield code="x">3091</subfield>
   <subfield code="y">z</subfield>
   <subfield code="z">11-04-16</subfield>
  </datafield>
  <datafield tag="980" ind1=" " ind2=" ">
   <subfield code="2">100</subfield>
   <subfield code="1">01</subfield>
   <subfield code="b">1609455398</subfield>
   <subfield code="d">eBook Springer</subfield>
   <subfield code="h">OLR-SEB</subfield>
   <subfield code="k">Vervielf&#xE4;ltigungen (z.B. Kopien, Downloads) sind nur zum eigenen wissenschaftlichen Gebrauch erlaubt. Keine Weitergabe an Dritte. Kein systematisches Downloaden durch Robots.</subfield>
   <subfield code="x">3100</subfield>
   <subfield code="y">z</subfield>
   <subfield code="z">11-04-16</subfield>
  </datafield>
  <datafield tag="980" ind1=" " ind2=" ">
   <subfield code="2">101</subfield>
   <subfield code="1">01</subfield>
   <subfield code="b">1609464311</subfield>
   <subfield code="d">eBook Springer</subfield>
   <subfield code="h">OLR-SEB</subfield>
   <subfield code="k">Vervielf&#xE4;ltigungen (z.B. Kopien, Downloads) sind nur zum eigenen wissenschaftlichen Gebrauch erlaubt. Keine Weitergabe an Dritte. Kein systematisches Downloaden durch Robots.</subfield>
   <subfield code="x">3101</subfield>
   <subfield code="y">z</subfield>
   <subfield code="z">11-04-16</subfield>
  </datafield>
  <datafield tag="980" ind1=" " ind2=" ">
   <subfield code="2">105</subfield>
   <subfield code="1">01</subfield>
   <subfield code="b">1609494490</subfield>
   <subfield code="h">OLR-ESP</subfield>
   <subfield code="k">Campuslizenz Universit&#xE4;t / Technische Hochschule L&#xFC;beck. - Vervielf&#xE4;ltigungen (z.B. Kopien, Downloads) sind nur von einzelnen Kapiteln oder Seiten und nur zum eigenen wissenschaftlichen Gebrauch erlaubt. Keine Weitergabe an Dritte. Kein systematisches Downloaden durch Robots.</subfield>
   <subfield code="x">0841</subfield>
   <subfield code="y">x</subfield>
   <subfield code="z">12-04-16</subfield>
  </datafield>
  <datafield tag="980" ind1=" " ind2=" ">
   <subfield code="2">120</subfield>
   <subfield code="1">01</subfield>
   <subfield code="b">160947046X</subfield>
   <subfield code="h">OLR-ESP</subfield>
   <subfield code="k">Campusweiter Zugriff (Universit&#xE4;t Oldenburg). - Vervielf&#xE4;ltigungen (z.B. Kopien, Downloads) sind nur von einzelnen Kapiteln oder Seiten und nur zum eigenen wissenschaftlichen Gebrauch erlaubt. Keine Weitergabe an Dritte. Kein systematisches Downloaden.</subfield>
   <subfield code="x">0715</subfield>
   <subfield code="y">z</subfield>
   <subfield code="z">11-04-16</subfield>
  </datafield>
  <datafield tag="980" ind1=" " ind2=" ">
   <subfield code="2">120</subfield>
   <subfield code="1">02</subfield>
   <subfield code="b">1754427774</subfield>
   <subfield code="e">n</subfield>
   <subfield code="h">alma</subfield>
   <subfield code="x">0715</subfield>
   <subfield code="y">l02</subfield>
   <subfield code="z">22-02-18</subfield>
  </datafield>
  <datafield tag="980" ind1=" " ind2=" ">
   <subfield code="2">122</subfield>
   <subfield code="1">01</subfield>
   <subfield code="b">1609384830</subfield>
   <subfield code="k">Vervielf&#xE4;ltigungen (z.B. Kopien, Downloads) sind nur von einzelnen Kapiteln oder Seiten und nur zum eigenen wissenschaftlichen Gebrauch erlaubt. Keine Weitergabe an Dritte. Kein systematisches Downloaden durch Robots.</subfield>
   <subfield code="x">0897</subfield>
   <subfield code="y">z</subfield>
   <subfield code="z">11-04-16</subfield>
  </datafield>
  <datafield tag="980" ind1=" " ind2=" ">
   <subfield code="2">130</subfield>
   <subfield code="1">01</subfield>
   <subfield code="b">1609478185</subfield>
   <subfield code="h">OLR-SEB</subfield>
   <subfield code="k">Vervielf&#xE4;ltigungen (z. B. Kopien, Downloads) nur f&#xFC;r den eigenen wissenschaftlichen Gebrauch. Keine Weitergabe an Dritte. Kein systematisches Downloaden durch Robots</subfield>
   <subfield code="x">0700</subfield>
   <subfield code="y">z</subfield>
   <subfield code="z">12-04-16</subfield>
  </datafield>
  <datafield tag="980" ind1=" " ind2=" ">
   <subfield code="2">140</subfield>
   <subfield code="1">01</subfield>
   <subfield code="b">1609386523</subfield>
   <subfield code="k">Vervielf&#xE4;ltigungen (z.B. Kopien, Downloads) sind nur von einzelnen Kapiteln oder Seiten und nur zum eigenen wissenschaftlichen Gebrauch erlaubt. Keine Weitergabe an Dritte. Kein systematisches Downloaden durch Robots.</subfield>
   <subfield code="x">0839</subfield>
   <subfield code="y">z</subfield>
   <subfield code="z">11-04-16</subfield>
  </datafield>
  <datafield tag="980" ind1=" " ind2=" ">
   <subfield code="2">160</subfield>
   <subfield code="1">01</subfield>
   <subfield code="b">160937634X</subfield>
   <subfield code="h">olr-seb</subfield>
   <subfield code="k">Campusweiter Zugriff (Hochschule Emden/Leer). - Vervielf&#xE4;ltigungen (z.B. Kopien, Downloads) sind nur von einzelnen Kapiteln oder Seiten und nur zum eigenen wissenschaftlichen Gebrauch erlaubt. Keine Weitergabe an Dritte. Kein systematisches Downloaden durch Robots.</subfield>
   <subfield code="x">0755</subfield>
   <subfield code="y">z</subfield>
   <subfield code="z">11-04-16</subfield>
  </datafield>
  <datafield tag="980" ind1=" " ind2=" ">
   <subfield code="2">186</subfield>
   <subfield code="1">01</subfield>
   <subfield code="b">1609409655</subfield>
   <subfield code="h">OLR-SEB</subfield>
   <subfield code="k">Vervielf&#xE4;ltigungen (z.B. Kopien, Downloads) sind nur von einzelnen Kapiteln oder Seiten und nur zum eigenen wissenschaftlichen Gebrauch erlaubt. Keine Weitergabe an Dritte. Kein systematisches Downloaden durch Robots.</subfield>
   <subfield code="x">0519</subfield>
   <subfield code="y">z</subfield>
   <subfield code="z">11-04-16</subfield>
  </datafield>
  <datafield tag="980" ind1=" " ind2=" ">
   <subfield code="2">213</subfield>
   <subfield code="1">01</subfield>
   <subfield code="b">1609406761</subfield>
   <subfield code="k">Campusweiter Zugriff (HS Magdeburg-Stendal). - Vervielf&#xE4;ltigungen (z.B. Kopien, Downloads) sind nur von einzelnen Kapiteln oder Seiten und nur zum eigenen wissenschaftlichen Gebrauch erlaubt. Keine Weitergabe an Dritte. Kein systematisches Downloaden durch Robots.</subfield>
   <subfield code="x">0551</subfield>
   <subfield code="y">z</subfield>
   <subfield code="z">11-04-16</subfield>
  </datafield>
  <datafield tag="980" ind1=" " ind2=" ">
   <subfield code="2">230</subfield>
   <subfield code="1">01</subfield>
   <subfield code="b">1609408756</subfield>
   <subfield code="k">Campusweiter Zugriff (HS Magdeburg-Stendal). - Vervielf&#xE4;ltigungen (z.B. Kopien, Downloads) sind nur von einzelnen Kapiteln oder Seiten und nur zum eigenen wissenschaftlichen Gebrauch erlaubt. Keine Weitergabe an Dritte. Kein systematisches Downloaden durch Robots.</subfield>
   <subfield code="x">0552</subfield>
   <subfield code="y">z</subfield>
   <subfield code="z">11-04-16</subfield>
  </datafield>
  <datafield tag="980" ind1=" " ind2=" ">
   <subfield code="2">264</subfield>
   <subfield code="1">01</subfield>
   <subfield code="b">1609388216</subfield>
   <subfield code="k">Vervielf&#xE4;ltigungen (z.B. Kopien, Downloads) sind nur von einzelnen Kapiteln oder Seiten und nur zum eigenen wissenschaftlichen Gebrauch erlaubt. Keine Weitergabe an Dritte. Kein systematisches Downloaden durch Robots.</subfield>
   <subfield code="x">3264</subfield>
   <subfield code="y">z</subfield>
   <subfield code="z">11-04-16</subfield>
  </datafield>
  <datafield tag="981" ind1=" " ind2=" ">
   <subfield code="2">22</subfield>
   <subfield code="1">01</subfield>
   <subfield code="y">Volltextzugang</subfield>
   <subfield code="r">http://dx.doi.org/10.1007/978-3-662-48762-4</subfield>
  </datafield>
  <datafield tag="981" ind1=" " ind2=" ">
   <subfield code="2">22</subfield>
   <subfield code="1">01</subfield>
   <subfield code="y">Nur f&#xFC;r Angeh&#xF6;rige der Universit&#xE4;t Hamburg: Volltextzugang von au&#xDF;erhalb des Campus</subfield>
   <subfield code="r">http://emedien.sub.uni-hamburg.de/han/SpringerEbooksUKE/dx.doi.org/10.1007/978-3-662-48762-4</subfield>
  </datafield>
  <datafield tag="981" ind1=" " ind2=" ">
   <subfield code="2">24</subfield>
   <subfield code="1">01</subfield>
   <subfield code="y">E-books (Springer Collection: Medizin)</subfield>
   <subfield code="r">http://dx.doi.org/10.1007/978-3-662-48762-4</subfield>
  </datafield>
  <datafield tag="981" ind1=" " ind2=" ">
   <subfield code="2">31</subfield>
   <subfield code="1">01</subfield>
   <subfield code="y">e-book Springer</subfield>
   <subfield code="r">http://dx.doi.org/10.1007/978-3-662-48762-4</subfield>
  </datafield>
  <datafield tag="981" ind1=" " ind2=" ">
   <subfield code="2">34</subfield>
   <subfield code="1">01</subfield>
   <subfield code="y">Zugriff nur im dem Netz der HAW-Hamburg</subfield>
   <subfield code="r">http://dx.doi.org/10.1007/978-3-662-48762-4</subfield>
  </datafield>
  <datafield tag="981" ind1=" " ind2=" ">
   <subfield code="2">62</subfield>
   <subfield code="1">01</subfield>
   <subfield code="r">http://dx.doi.org/10.1007/978-3-662-48762-4</subfield>
  </datafield>
  <datafield tag="981" ind1=" " ind2=" ">
   <subfield code="2">65</subfield>
   <subfield code="1">01</subfield>
   <subfield code="y">Volltextzugang Campus</subfield>
   <subfield code="r">http://dx.doi.org/10.1007/978-3-662-48762-4</subfield>
  </datafield>
  <datafield tag="981" ind1=" " ind2=" ">
   <subfield code="2">69</subfield>
   <subfield code="1">01</subfield>
   <subfield code="r">http://dx.doi.org/10.1007/978-3-662-48762-4</subfield>
  </datafield>
  <datafield tag="981" ind1=" " ind2=" ">
   <subfield code="2">74</subfield>
   <subfield code="1">01</subfield>
   <subfield code="y">Volltext, Campuszugriff</subfield>
   <subfield code="r">http://dx.doi.org/10.1007/978-3-662-48762-4</subfield>
  </datafield>
  <datafield tag="981" ind1=" " ind2=" ">
   <subfield code="2">74</subfield>
   <subfield code="1">01</subfield>
   <subfield code="y">Volltext, Externer Zugriff</subfield>
   <subfield code="r">http://HAN.mh-hannover.de/han/springer-ebook/dx.doi.org/10.1007/978-3-662-48762-4</subfield>
  </datafield>
  <datafield tag="981" ind1=" " ind2=" ">
   <subfield code="2">91</subfield>
   <subfield code="1">01</subfield>
   <subfield code="r">http://dx.doi.org/10.1007/978-3-662-48762-4</subfield>
  </datafield>
  <datafield tag="981" ind1=" " ind2=" ">
   <subfield code="2">100</subfield>
   <subfield code="1">01</subfield>
   <subfield code="r">http://dx.doi.org/10.1007/978-3-662-48762-4</subfield>
  </datafield>
  <datafield tag="981" ind1=" " ind2=" ">
   <subfield code="2">100</subfield>
   <subfield code="1">01</subfield>
   <subfield code="y">f&#xFC;r Uniangeh&#xF6;rige: Zugang weltweit</subfield>
   <subfield code="r">http://han.med.uni-magdeburg.de/han/SPR-eBook-Medizindt2005-2008einzeln/dx.doi.org/10.1007/978-3-662-48762-4</subfield>
  </datafield>
  <datafield tag="981" ind1=" " ind2=" ">
   <subfield code="2">101</subfield>
   <subfield code="1">01</subfield>
   <subfield code="r">http://dx.doi.org/10.1007/978-3-662-48762-4</subfield>
  </datafield>
  <datafield tag="981" ind1=" " ind2=" ">
   <subfield code="2">101</subfield>
   <subfield code="1">01</subfield>
   <subfield code="y">f&#xFC;r Uniangeh&#xF6;rige: Zugang weltweit</subfield>
   <subfield code="r">http://han.med.uni-magdeburg.de/han/SPR-eBook-Medizindt2005-2008einzeln/dx.doi.org/10.1007/978-3-662-48762-4</subfield>
  </datafield>
  <datafield tag="981" ind1=" " ind2=" ">
   <subfield code="2">105</subfield>
   <subfield code="1">01</subfield>
   <subfield code="r">http://dx.doi.org/10.1007/978-3-662-48762-4</subfield>
  </datafield>
  <datafield tag="981" ind1=" " ind2=" ">
   <subfield code="2">120</subfield>
   <subfield code="1">01</subfield>
   <subfield code="r">http://dx.doi.org/10.1007/978-3-662-48762-4</subfield>
  </datafield>
  <datafield tag="981" ind1=" " ind2=" ">
   <subfield code="2">120</subfield>
   <subfield code="1">02</subfield>
   <subfield code="r">http://49gbv-uob-primo.hosted.exlibrisgroup.com/openurl/49GBV_UOB/UOB_services_page?u.ignore_date_coverage=true&amp;rft.mms_id=991008940659703501</subfield>
  </datafield>
  <datafield tag="981" ind1=" " ind2=" ">
   <subfield code="2">122</subfield>
   <subfield code="1">01</subfield>
   <subfield code="r">http://dx.doi.org/10.1007/978-3-662-48762-4</subfield>
  </datafield>
  <datafield tag="981" ind1=" " ind2=" ">
   <subfield code="2">130</subfield>
   <subfield code="1">01</subfield>
   <subfield code="r">http://dx.doi.org/10.1007/978-3-662-48762-4</subfield>
  </datafield>
  <datafield tag="981" ind1=" " ind2=" ">
   <subfield code="2">140</subfield>
   <subfield code="1">01</subfield>
   <subfield code="r">http://dx.doi.org/10.1007/978-3-662-48762-4</subfield>
  </datafield>
  <datafield tag="981" ind1=" " ind2=" ">
   <subfield code="2">160</subfield>
   <subfield code="1">01</subfield>
   <subfield code="r">http://dx.doi.org/10.1007/978-3-662-48762-4</subfield>
  </datafield>
  <datafield tag="981" ind1=" " ind2=" ">
   <subfield code="2">186</subfield>
   <subfield code="1">01</subfield>
   <subfield code="r">http://dx.doi.org/10.1007/978-3-662-48762-4</subfield>
  </datafield>
  <datafield tag="981" ind1=" " ind2=" ">
   <subfield code="2">213</subfield>
   <subfield code="1">01</subfield>
   <subfield code="r">http://dx.doi.org/10.1007/978-3-662-48762-4</subfield>
  </datafield>
  <datafield tag="981" ind1=" " ind2=" ">
   <subfield code="2">230</subfield>
   <subfield code="1">01</subfield>
   <subfield code="r">http://dx.doi.org/10.1007/978-3-662-48762-4</subfield>
  </datafield>
  <datafield tag="981" ind1=" " ind2=" ">
   <subfield code="2">264</subfield>
   <subfield code="1">01</subfield>
   <subfield code="r">http://dx.doi.org/10.1007/978-3-662-48762-4</subfield>
  </datafield>
  <datafield tag="982" ind1=" " ind2=" ">
   <subfield code="2">31</subfield>
   <subfield code="1">01</subfield>
   <subfield code="8">00</subfield>
   <subfield code="a">e-book Springer Medizin</subfield>
  </datafield>
  <datafield tag="983" ind1=" " ind2=" ">
   <subfield code="2">120</subfield>
   <subfield code="1">00</subfield>
   <subfield code="8">99</subfield>
   <subfield code="a">ww</subfield>
  </datafield>
  <datafield tag="983" ind1=" " ind2=" ">
   <subfield code="2">120</subfield>
   <subfield code="1">02</subfield>
   <subfield code="8">00</subfield>
   <subfield code="a">ww</subfield>
  </datafield>
  <datafield tag="995" ind1=" " ind2=" ">
   <subfield code="2">24</subfield>
   <subfield code="1">01</subfield>
   <subfield code="a">OLR-ESPMED</subfield>
  </datafield>
  <datafield tag="995" ind1=" " ind2=" ">
   <subfield code="2">31</subfield>
   <subfield code="1">01</subfield>
   <subfield code="a">OLR-SEB</subfield>
  </datafield>
  <datafield tag="995" ind1=" " ind2=" ">
   <subfield code="2">34</subfield>
   <subfield code="1">01</subfield>
   <subfield code="a">OLR-SEB-MED</subfield>
  </datafield>
  <datafield tag="995" ind1=" " ind2=" ">
   <subfield code="2">65</subfield>
   <subfield code="1">01</subfield>
   <subfield code="a">OLR-SEB-ZDB-2-SMD</subfield>
  </datafield>
  <datafield tag="995" ind1=" " ind2=" ">
   <subfield code="2">69</subfield>
   <subfield code="1">01</subfield>
   <subfield code="a">OLR-SEB-ZDB-2-SMD</subfield>
  </datafield>
  <datafield tag="995" ind1=" " ind2=" ">
   <subfield code="2">74</subfield>
   <subfield code="1">01</subfield>
   <subfield code="a">OLR-ESP</subfield>
  </datafield>
  <datafield tag="995" ind1=" " ind2=" ">
   <subfield code="2">91</subfield>
   <subfield code="1">01</subfield>
   <subfield code="a">OLR-SEB</subfield>
  </datafield>
  <datafield tag="995" ind1=" " ind2=" ">
   <subfield code="2">100</subfield>
   <subfield code="1">01</subfield>
   <subfield code="a">OLR-SEB</subfield>
  </datafield>
  <datafield tag="995" ind1=" " ind2=" ">
   <subfield code="2">101</subfield>
   <subfield code="1">01</subfield>
   <subfield code="a">OLR-SEB</subfield>
  </datafield>
  <datafield tag="995" ind1=" " ind2=" ">
   <subfield code="2">105</subfield>
   <subfield code="1">01</subfield>
   <subfield code="a">OLR-ESP</subfield>
  </datafield>
  <datafield tag="995" ind1=" " ind2=" ">
   <subfield code="2">120</subfield>
   <subfield code="1">01</subfield>
   <subfield code="a">OLR-ESP</subfield>
  </datafield>
  <datafield tag="995" ind1=" " ind2=" ">
   <subfield code="2">120</subfield>
   <subfield code="1">02</subfield>
   <subfield code="a">alma</subfield>
  </datafield>
  <datafield tag="995" ind1=" " ind2=" ">
   <subfield code="2">130</subfield>
   <subfield code="1">01</subfield>
   <subfield code="a">OLR-SEB</subfield>
  </datafield>
  <datafield tag="995" ind1=" " ind2=" ">
   <subfield code="2">160</subfield>
   <subfield code="1">01</subfield>
   <subfield code="a">olr-seb</subfield>
  </datafield>
  <datafield tag="995" ind1=" " ind2=" ">
   <subfield code="2">186</subfield>
   <subfield code="1">01</subfield>
   <subfield code="a">OLR-SEB</subfield>
  </datafield>
 <format>eBook</format></record>