


<record xmlns:xsi="http://www.w3.org/2001/XMLSchema-instance" xmlns="http://www.loc.gov/MARC21/slim" xsi:schemaLocation="http://www.loc.gov/MARC21/slim http://www.loc.gov/standards/marcxml/schema/MARC21slim.xsd" type="Bibliographic">
  <leader>01943nam a2200577 c 4500</leader>
  <controlfield tag="001">021788790</controlfield>
  <controlfield tag="003">DE-601</controlfield>
  <controlfield tag="005">20180509133605.0</controlfield>
  <controlfield tag="008">881018s1974    gw            000 0 ger d</controlfield>
  <datafield tag="020" ind1=" " ind2=" ">
   <subfield code="a">3446118985</subfield>
   <subfield code="9">3-446-11898-5</subfield>
  </datafield>
  <datafield tag="035" ind1=" " ind2=" ">
   <subfield code="a">(OCoLC)6708881</subfield>
  </datafield>
  <datafield tag="035" ind1=" " ind2=" ">
   <subfield code="a">(DE-599)GBV021788790</subfield>
  </datafield>
  <datafield tag="040" ind1=" " ind2=" ">
   <subfield code="b">ger</subfield>
   <subfield code="c">GBVCP</subfield>
  </datafield>
  <datafield tag="041" ind1="0" ind2=" ">
   <subfield code="a">ger</subfield>
  </datafield>
  <datafield tag="082" ind1="0" ind2="0">
   <subfield code="a">331.82 WIE</subfield>
  </datafield>
  <datafield tag="100" ind1="1" ind2=" ">
   <subfield code="a">Wieser, Gunter</subfield>
   <subfield code="e">verfasserin</subfield>
   <subfield code="4">aut</subfield>
  </datafield>
  <datafield tag="245" ind1="1" ind2="0">
   <subfield code="a">Menschengerechte Arbeitsplatzgestaltung im Betrieb</subfield>
   <subfield code="b">K&#xF6;rperhaltung, Beleuchtung, L&#xE4;rm, Hitze</subfield>
   <subfield code="c">Gunter Wieser</subfield>
  </datafield>
  <datafield tag="250" ind1=" " ind2=" ">
   <subfield code="a">2., unver&#xE4;nd. Aufl</subfield>
  </datafield>
  <datafield tag="264" ind1="3" ind2="1">
   <subfield code="a">M&#xFC;nchen u.a.</subfield>
   <subfield code="b">Hanser</subfield>
   <subfield code="c">1974</subfield>
  </datafield>
  <datafield tag="300" ind1=" " ind2=" ">
   <subfield code="a">44 S</subfield>
   <subfield code="b">Ill., graph. Darst</subfield>
  </datafield>
  <datafield tag="500" ind1=" " ind2=" ">
   <subfield code="a">Literaturverz. S. 43 - 44</subfield>
  </datafield>
  <datafield tag="912" ind1=" " ind2=" ">
   <subfield code="a">GBV_ILN_21</subfield>
  </datafield>
  <datafield tag="912" ind1=" " ind2=" ">
   <subfield code="a">SYSFLAG_1</subfield>
  </datafield>
  <datafield tag="912" ind1=" " ind2=" ">
   <subfield code="a">GBV_GVK</subfield>
  </datafield>
  <datafield tag="912" ind1=" " ind2=" ">
   <subfield code="a">GBV_ILN_22</subfield>
  </datafield>
  <datafield tag="912" ind1=" " ind2=" ">
   <subfield code="a">GBV_ILN_34</subfield>
  </datafield>
  <datafield tag="912" ind1=" " ind2=" ">
   <subfield code="a">GBV_ILN_70</subfield>
  </datafield>
  <datafield tag="912" ind1=" " ind2=" ">
   <subfield code="a">GBV_ILN_105</subfield>
  </datafield>
  <datafield tag="912" ind1=" " ind2=" ">
   <subfield code="a">GBV_ILN_130</subfield>
  </datafield>
  <datafield tag="951" ind1=" " ind2=" ">
   <subfield code="a">BO</subfield>
  </datafield>
  <datafield tag="980" ind1=" " ind2=" ">
   <subfield code="2">21</subfield>
   <subfield code="1">01</subfield>
   <subfield code="b">171542347</subfield>
   <subfield code="d">ge 6898</subfield>
   <subfield code="e">u</subfield>
   <subfield code="x">0046</subfield>
   <subfield code="y">xza</subfield>
   <subfield code="z">19-01-72</subfield>
  </datafield>
  <datafield tag="980" ind1=" " ind2=" ">
   <subfield code="2">21</subfield>
   <subfield code="1">02</subfield>
   <subfield code="b">171560841</subfield>
   <subfield code="d">gf 8410</subfield>
   <subfield code="e">u</subfield>
   <subfield code="x">0046</subfield>
   <subfield code="y">xza</subfield>
   <subfield code="z">23-01-72</subfield>
  </datafield>
  <datafield tag="980" ind1=" " ind2=" ">
   <subfield code="2">22</subfield>
   <subfield code="1">01</subfield>
   <subfield code="b">921403143</subfield>
   <subfield code="f">SUB-SBHH</subfield>
   <subfield code="d">L020767</subfield>
   <subfield code="e">u</subfield>
   <subfield code="d">13/L Vj 374</subfield>
   <subfield code="h">SBHH18261</subfield>
   <subfield code="x">0018</subfield>
   <subfield code="y">zu</subfield>
   <subfield code="z">13-02-09</subfield>
  </datafield>
  <datafield tag="980" ind1=" " ind2=" ">
   <subfield code="2">34</subfield>
   <subfield code="1">07</subfield>
   <subfield code="b">175993076</subfield>
   <subfield code="f">18/285</subfield>
   <subfield code="d">TW.4</subfield>
   <subfield code="e">c</subfield>
   <subfield code="x">3551</subfield>
   <subfield code="y">zi005</subfield>
   <subfield code="z">28-02-95</subfield>
  </datafield>
  <datafield tag="980" ind1=" " ind2=" ">
   <subfield code="2">70</subfield>
   <subfield code="1">01</subfield>
   <subfield code="b">19172078X</subfield>
   <subfield code="f">Haus2</subfield>
   <subfield code="d">AE 7761,2</subfield>
   <subfield code="x">0089</subfield>
   <subfield code="y">r</subfield>
   <subfield code="z">19-07-96</subfield>
  </datafield>
  <datafield tag="980" ind1=" " ind2=" ">
   <subfield code="2">105</subfield>
   <subfield code="1">01</subfield>
   <subfield code="b">470281154</subfield>
   <subfield code="d">AM 602 1978 A 2763</subfield>
   <subfield code="e">u</subfield>
   <subfield code="x">0841</subfield>
   <subfield code="y">z</subfield>
   <subfield code="z">07-02-01</subfield>
  </datafield>
  <datafield tag="980" ind1=" " ind2=" ">
   <subfield code="2">130</subfield>
   <subfield code="1">01</subfield>
   <subfield code="b">024732028</subfield>
   <subfield code="f">B-Magazin</subfield>
   <subfield code="d">4016-672 6</subfield>
   <subfield code="e">u</subfield>
   <subfield code="x">0700</subfield>
   <subfield code="y">nb</subfield>
   <subfield code="z">18-10-88</subfield>
  </datafield>
  <datafield tag="983" ind1=" " ind2=" ">
   <subfield code="2">21</subfield>
   <subfield code="1">00</subfield>
   <subfield code="8">30</subfield>
   <subfield code="a">med 333 ef</subfield>
  </datafield>
  <datafield tag="983" ind1=" " ind2=" ">
   <subfield code="2">21</subfield>
   <subfield code="1">00</subfield>
   <subfield code="8">30</subfield>
   <subfield code="a">med 333</subfield>
  </datafield>
  <datafield tag="983" ind1=" " ind2=" ">
   <subfield code="2">21</subfield>
   <subfield code="1">00</subfield>
   <subfield code="8">31</subfield>
   <subfield code="a">ing 014</subfield>
  </datafield>
  <datafield tag="983" ind1=" " ind2=" ">
   <subfield code="2">21</subfield>
   <subfield code="1">00</subfield>
   <subfield code="8">31</subfield>
   <subfield code="a">med 321.5</subfield>
  </datafield>
  <datafield tag="983" ind1=" " ind2=" ">
   <subfield code="2">21</subfield>
   <subfield code="1">00</subfield>
   <subfield code="8">32</subfield>
   <subfield code="a">bwl 229</subfield>
  </datafield>
  <datafield tag="983" ind1=" " ind2=" ">
   <subfield code="2">21</subfield>
   <subfield code="1">00</subfield>
   <subfield code="8">32</subfield>
   <subfield code="a">med 334.4</subfield>
  </datafield>
  <datafield tag="983" ind1=" " ind2=" ">
   <subfield code="2">21</subfield>
   <subfield code="1">00</subfield>
   <subfield code="8">99</subfield>
   <subfield code="a">52</subfield>
  </datafield>
  <datafield tag="983" ind1=" " ind2=" ">
   <subfield code="2">70</subfield>
   <subfield code="1">00</subfield>
   <subfield code="8">00</subfield>
   <subfield code="a">med 810.2 c</subfield>
  </datafield>
  <datafield tag="983" ind1=" " ind2=" ">
   <subfield code="2">70</subfield>
   <subfield code="1">00</subfield>
   <subfield code="8">01</subfield>
   <subfield code="a">tec 81 k</subfield>
  </datafield>
  <datafield tag="983" ind1=" " ind2=" ">
   <subfield code="2">105</subfield>
   <subfield code="1">00</subfield>
   <subfield code="8">00</subfield>
   <subfield code="a">AM 602</subfield>
  </datafield>
  <datafield tag="983" ind1=" " ind2=" ">
   <subfield code="2">105</subfield>
   <subfield code="1">00</subfield>
   <subfield code="8">01</subfield>
   <subfield code="a">HD 450</subfield>
  </datafield>
  <datafield tag="983" ind1=" " ind2=" ">
   <subfield code="2">130</subfield>
   <subfield code="1">01</subfield>
   <subfield code="8">00</subfield>
   <subfield code="a">WBK</subfield>
  </datafield>
  <datafield tag="983" ind1=" " ind2=" ">
   <subfield code="2">130</subfield>
   <subfield code="1">01</subfield>
   <subfield code="8">01</subfield>
   <subfield code="a">ZFZ</subfield>
  </datafield>
  <datafield tag="995" ind1=" " ind2=" ">
   <subfield code="2">22</subfield>
   <subfield code="1">01</subfield>
   <subfield code="a">SBHH18261</subfield>
  </datafield>
 <format>Book</format></record>