


<record xmlns:xsi="http://www.w3.org/2001/XMLSchema-instance" xmlns="http://www.loc.gov/MARC21/slim" xsi:schemaLocation="http://www.loc.gov/MARC21/slim http://www.loc.gov/standards/marcxml/schema/MARC21slim.xsd" type="Bibliographic">
  <leader>01284nga a2200301 c 4500</leader>
  <controlfield tag="001">817719687</controlfield>
  <controlfield tag="003">DE-601</controlfield>
  <controlfield tag="005">20181214020449.0</controlfield>
  <controlfield tag="007">vu uvuuuu</controlfield>
  <controlfield tag="008">150209s2015                  000 0 und d</controlfield>
  <datafield tag="035" ind1=" " ind2=" ">
   <subfield code="a">(DE-599)GBV817719687</subfield>
  </datafield>
  <datafield tag="040" ind1=" " ind2=" ">
   <subfield code="b">ger</subfield>
   <subfield code="c">GBVCP</subfield>
  </datafield>
  <datafield tag="100" ind1="1" ind2=" ">
   <subfield code="a">Wessel, Kai</subfield>
   <subfield code="e">verfasserin</subfield>
   <subfield code="4">aut</subfield>
   <subfield code="0">(DE-601)512721637</subfield>
   <subfield code="0">(DE-588)131688847</subfield>
  </datafield>
  <datafield tag="245" ind1="1" ind2="0">
   <subfield code="a">M&#xF6;rderische Hitze</subfield>
   <subfield code="h">Bildmaterial</subfield>
   <subfield code="c">Regie: Kai Wessel. Drehbuch: Thorsten Kirchner. Kamera: Holly Fink. Darst: Thorsten Merten; Roeland Wiesnekker; Christian Redl</subfield>
  </datafield>
  <datafield tag="500" ind1=" " ind2=" ">
   <subfield code="a">D 2014</subfield>
  </datafield>
  <datafield tag="700" ind1="1" ind2=" ">
   <subfield code="a">Kirchner, Thomas</subfield>
   <subfield code="0">(DE-601)594831555</subfield>
   <subfield code="0">(DE-588)137667752</subfield>
  </datafield>
  <datafield tag="700" ind1="1" ind2=" ">
   <subfield code="a">Fink, Holly</subfield>
   <subfield code="0">(DE-601)595590152</subfield>
   <subfield code="0">(DE-588)137734212</subfield>
  </datafield>
  <datafield tag="700" ind1="1" ind2=" ">
   <subfield code="a">Merten, Thorsten</subfield>
   <subfield code="e">ausfu&#x308;hrender</subfield>
   <subfield code="4">prf</subfield>
   <subfield code="0">(DE-601)573376301</subfield>
   <subfield code="0">(DE-588)135922305</subfield>
  </datafield>
  <datafield tag="700" ind1="1" ind2=" ">
   <subfield code="a">Wiesnekker, Roeland</subfield>
   <subfield code="e">ausfu&#x308;hrender</subfield>
   <subfield code="4">prf</subfield>
   <subfield code="0">(DE-601)627299296</subfield>
   <subfield code="0">(DE-588)141407506</subfield>
  </datafield>
  <datafield tag="700" ind1="1" ind2=" ">
   <subfield code="a">Redl, Christian</subfield>
   <subfield code="e">ausfu&#x308;hrender</subfield>
   <subfield code="4">prf</subfield>
   <subfield code="0">(DE-601)081728360</subfield>
   <subfield code="0">(DE-588)122086902</subfield>
  </datafield>
  <datafield tag="773" ind1="0" ind2="8">
   <subfield code="i">Enthalten in</subfield>
   <subfield code="t">Spreewald Krimi</subfield>
   <subfield code="d">[S.l.] : Studio Hamburg Enterprises GmbH</subfield>
   <subfield code="g">, No. 6 (2015)</subfield>
   <subfield code="q">6</subfield>
   <subfield code="w">(DE-601)817715355</subfield>
  </datafield>
  <datafield tag="912" ind1=" " ind2=" ">
   <subfield code="a">SYSFLAG_1</subfield>
  </datafield>
  <datafield tag="912" ind1=" " ind2=" ">
   <subfield code="a">GBV_GVK</subfield>
  </datafield>
  <datafield tag="912" ind1=" " ind2=" ">
   <subfield code="a">GBV_ILN_34</subfield>
  </datafield>
  <datafield tag="912" ind1=" " ind2=" ">
   <subfield code="a">GBV_ILN_227</subfield>
  </datafield>
  <datafield tag="951" ind1=" " ind2=" ">
   <subfield code="a">AR</subfield>
  </datafield>
  <datafield tag="952" ind1=" " ind2=" ">
   <subfield code="j">2015</subfield>
   <subfield code="e">6</subfield>
  </datafield>
  <datafield tag="980" ind1=" " ind2=" ">
   <subfield code="2">34</subfield>
   <subfield code="1">01</subfield>
   <subfield code="b">1524142689</subfield>
   <subfield code="l">Eigentum der HMS</subfield>
   <subfield code="x">3551</subfield>
   <subfield code="y">xi005</subfield>
   <subfield code="z">09-02-15</subfield>
  </datafield>
 <format>Motion Picture</format></record>

</collection>